2556 3996
323 165 433 218 LIBER
450 163 626 229 QUARTUS.
652 163 881 218 FEBRUARIUS
1066 163 1107 227 87
1167 243 1175 268 ι

94 331 255 411 φωνήσει.
302 328 353 393 ὅτι
380 329 566 414 σπαθάριος
589 328 607 394 ὁ
632 327 872 413 σωματοφύλαξ
896 327 1001 412 ἐστίν,
1028 325 1083 392 καὶ
1098 336 1215 393 Oedren,

95 436 306 519 φαυρικίσιοι
330 435 362 498 ol
385 445 452 498 τῶν
475 435 589 500 ὅπλων
610 436 816 519 δημιουργοί.

37 550 168 604 R11V24
186 541 237 604 29.
260 541 377 617 Ελδοῖς
402 543 657 627 Φεβρουαρίαις·
680 541 744 606 άπὸ
767 542 887 624 ταύτης
909 549 967 624 τῆς
988 540 1151 626 ἡμέραςΧ

96 645 163 712 ἀπὸ
192 649 281 733 ὥρας
310 646 404 730 ἕκτης
434 648 490 711 διὰ
516 649 574 725 τάς
601 659 668 713 τῶν
694 646 938 732 κατοιχομένων
965 648 1044 732 χοὰς
1071 648 1111 712 τά

98 755 171 838 ἱερά
189 758 481 839 κατησφαλίζοντο,
504 752 559 819 καλ
580 756 613 819 οί
631 756 787 840 άρχοντες
807 753 843 819 ἐν
861 757 1001 839 σχήματι
1020 755 1110 818 ίδιω-
1137 779 1150 819 τ

97 873 166 926 τῶν
186 859 355 947 προῄεσαν
378 863 453 946 άχρι
476 870 534 944 τῆς
550 862 615 947 πρὸ
635 861 719 926 ὀκτὼ
738 863 921 926 Καλενδῶν
939 863 1110 946 Μαρτίων.

95 969 132 1032 αῖ
156 964 194 1033 δέ
217 969 389 1053 σώφρονες
407 978 563 1050 γυναῖκες
581 1005 623 1013 -
642 969 815 1053 ματρώνας
838 963 874 1032 δέ
898 967 999 1044 αὐτάς
1023 969 1218 1032 οίΧΟεᾱεειι

94 1072 247 1158 Ῥωμαῖοι
278 1079 453 1157 καλοῦσιν,
486 1075 518 1138 ολ
546 1070 583 1138 δὲ
602 1072 760 1157 Ἕλληνες
790 1075 1042 1150 ολκοδεσποίνας
1069 1111 1111 1119 -

97 1189 261 1246 τοσοῦτον
283 1189 341 1263 τῆς
359 1182 476 1257 αἰδοῦς
495 1180 699 1266 ἐφρόντιζον,
722 1182 766 1257 ὡς
784 1177 866 1264 μηδὲ
885 1192 956 1258 ταῖς
974 1186 1113 1257 πολλαῖς

96 1298 166 1352 τῶν
183 1299 355 1370 γυναικῶν
373 1287 512 1371 ὁμιλεῖν,
532 1287 615 1353 ἀλλὰ
633 1286 688 1352 καὶ
706 1290 828 1363 τύπους
846 1290 939 1364 τινδις
954 1286 1114 1371 ἡσυχίους
1128 1313 1154 1352 ιο

98 1392 136 1457 ἐν
154 1405 225 1470 τοῖς
243 1397 432 1477 βαλανείοις
450 1393 510 1472 ἔξω
529 1403 589 1458 τοῦ
607 1397 761 1477 πλήθους
782 1392 913 1470 ἑαυταῖς
931 1393 1113 1479 ἀφορίζειν,

97 1499 158 1576 οὓς
182 1502 231 1565 ἐτι
254 1499 309 1565 καὶ
337 1509 402 1566 νῦν
429 1504 632 1586 ματρωνίκια
659 1506 828 1566 καλοῦσιν.
873 1495 970 1564 αὗται
996 1502 1114 1564 τοίνυν
1128 1510 1154 1562 Χ

70 1669 72 1673 ,
97 1608 133 1671 αἱ
149 1607 323 1691 σώφρονες
341 1617 411 1682 τοῖς
425 1607 579 1692 Βρούτου
598 1607 754 1691 δαίμοσιν
771 1606 923 1689 ἐνήγιζον
941 1603 984 1669 δι’
1004 1607 1115 1670 αἰτίαν

97 1713 271 1796 τοιαύτην·
300 1715 505 1797 Λουκρητία,
532 1713 618 1794 γυνή
640 1736 691 1788 τις
709 1710 848 1796 Ῥωμαία
875 1721 1035 1796 περιττῶς
1062 1709 1115 1774 εύ-

98 1820 227 1904 πρεπης
256 1841 291 1882 τε
315 1815 371 1882 καί
395 1819 550 1903 σώφρων,
577 1816 706 1901 λέγεται
733 1820 919 1901 βιασθῆναί
943 1839 1022 1882 ποτε
1048 1817 1114 1882 ὑπὸ
1129 1844 1155 1885 15

104 1928 294 2012 Ταρκυνίου
325 1934 386 1991 τοῦ
417 1928 608 1992 τελευταίου
639 1936 706 1990 τῶν
734 1924 846 2009 ῥηγῶν
874 1923 895 2007 ἢ
923 1933 982 1990 τοῦ
1011 1924 1115 1990 αὐτοῦ

100 2035 233 2109 παιδός·
263 2033 463 2118 Σούπερβον
490 2028 527 2096 δέ
556 2031 658 2097 αὐτὸν
685 2032 705 2116 ἡ
734 2033 863 2118 ἱστορία
891 2036 984 2097 καλεῖ
1011 2031 1116 2098 οἱονεὶ

100 2139 257 2218 ἀλαζόνα·
289 2150 418 2224 πρῶτος
448 2141 511 2225 γάρ
544 2138 643 2215 αὐτὸς
670 2140 797 2224 ὄργανα
823 2149 951 2204 κοινῶν
978 2138 1033 2203 καὶ
1061 2138 1116 2224 με’-

47 2293 50 2305 .
101 2251 205 2311 ταλλα
228 2244 372 2331 ἐξεῦρεν·
399 2246 488 2322 ὅπως
510 2242 546 2310 δὲ
569 2247 612 2330 μὴ
636 2247 833 2330 μαλάσσοιτο
856 2257 926 2322 τοῖς
952 2247 1117 2330 αἰκισμοῖς

101 2364 170 2417 τῶν
184 2351 453 2438 τιμωρουμένων,
471 2353 617 2436 βοτάνην
635 2351 749 2428 αὐτοῖς
766 2352 932 2437 ἐπεδίδου,
951 2353 971 2435 ἣ
990 2351 1116 2436 νέλωτα
1130 2381 1157 2448 ιο

105 2459 246 2524 ἐνεποίει
266 2460 357 2545 παρά
380 2459 506 2524 σκοπὸν
528 2469 598 2535 τοῖς
625 2460 797 2542 πάσχουσι.
842 2462 970 2542 γίνεται
998 2456 1034 2524 δὲ
1061 2458 1117 2524 καί

103 2575 169 2631 νῦν
191 2564 245 2632 ἐπὶ
268 2567 425 2651 Σαρδοῦς
447 2574 504 2648 της
532 2568 636 2648 νήσου
664 2565 683 2648 η
708 2566 843 2649 τοιαύτη
867 2567 1006 2650 βοτάνη,
1034 2567 1117 2632 ὅθεν

104 2672 158 2738 καὶ
181 2675 374 2758 Σαρδόνιον
401 2671 527 2755 γέλωτά
555 2688 666 2757 φασιν.
712 2674 814 2737 ἔνθεν
842 2673 903 2737 τὸν
930 2674 1118 2759 Ταρκύνιον

106 2779 304 2864 Σούπερβον
326 2776 402 2843 άντλ
425 2787 484 2843 τοῦ
508 2778 617 2862 ἀπηνῆ
640 2775 695 2842 καὶ
715 2777 807 2861 ὠμὸν
832 2777 986 2844 ἐκάλουν·
1017 2776 1118 2844 οὐδὲν

106 2882 142 2950 δὲ
170 2883 213 2950 ἂν
239 2883 328 2951 τέτιοι
354 2895 450 2970 μῖσος
477 2885 659 2978 ὡςταῦτα.
705 2882 813 2967 ἐκείνη
840 2888 958 2950 τοίνυν
984 2884 1005 2969 η
1029 2889 1158 2951 Λου-ετ
1267 2943 1268 2956 ,

105 2995 230 3078 κρητία,
253 2995 425 3077 κρείττονα
442 2992 504 3074 τὴν
527 2991 750 3077 σωφροσύνην
773 2999 831 3074 τῆς
853 2995 1025 3076 βασιλικῆς
1047 2992 1116 3075 δμι-

175 3261 230 3309 v.1
251 3251 294 3309 δτι
309 3261 373 3308 —2
393 3252 557 3326 δημιουργοί
576 3253 654 3308 omis.
670 3253 701 3306 X
762 3258 854 3308 λιτῶν
873 3253 993 3309 omis&
1054 3255 1119 3310 ῖαί

108 3325 150 3398 δὲ]
168 3324 200 3380 δὲ
218 3325 295 3381 omi&
316 3327 343 3379 Β
380 3323 423 3380 δτι
437 3324 567 3395 Ῥωμαῖοι
585 3323 635 3386 τὰς
653 3325 802 3392 σώφρονας
820 3334 955 3394 γυναῖκας
973 3327 1120 3395 ματρύνας

109 3396 237 3465 ἐκάλουν,
261 3395 289 3451 ολ
311 3395 342 3451 δὲ
371 3401 492 3466 Ελληνες
515 3393 740 3464 οίκοδεσποίνας,
766 3395 797 3449 αἳ
822 3405 950 3451 τοιοῦτον
964 3403 1047 3451 -12
1067 3418 1119 3467 μα-

109 3465 238 3594 ἷὲωέξκια
256 3471 388 3594 καλοὲῖσιν
407 3469 507 3538 Georg.
527 3467 641 3522 Cedren.
659 3465 725 3520 hist.
748 3483 835 3536 comp.
855 3486 882 3537 p.
898 3473 963 3538 296,
979 3474 1010 3522 11
1030 3469 1118 3524 Bonn.

210 3556 287 3594 omn.
