2556 3996
180 222 223 285 82
424 219 533 274 LIBER
552 217 728 284 QUARTUS.
755 219 956 275 IANUARIUS

139 394 166 448 X
180 387 315 470 Νερβᾶς
337 433 567 448 ...........
590 391 651 448 τοῦ
680 384 778 458 ὄντος
807 382 897 470 αὐτῷ
925 388 1129 469 προαστείου
1162 422 1210 432 -

180 489 236 554 καλ
271 492 334 576 γάρ
371 490 488 576 ὅμοροι
525 494 652 573 μᾶλλον
687 487 764 575 περὶ
800 490 861 572 τὴν
896 498 1014 573 κτῆσιν
1043 490 1209 574 ἀλλήλων

178 596 365 681 ’ἐτύγχανον
388 633 430 644 -
455 597 648 682 συγγράψας
676 595 794 660 αὐτίκα
822 597 948 681 δωρεᾶς
971 608 1208 683 γραμματεῖον

181 702 235 768 ἐπὶ
258 712 304 792 τῷ
327 706 511 790 προαστείῳ
535 711 580 790 αρ’
603 705 721 788 Νερβᾷ
742 704 995 788 προσεκόμισεν·
1018 703 1037 768 ὁ
1061 700 1098 769 δὲ
1117 703 1205 786 άγα-

153 808 276 886 meets
294 811 353 876 τὸν
371 811 538 896 Τραϊανὸν
556 811 604 886 είς
621 810 798 874 υἱοθεσίαν
817 812 944 893 ἔλαβεν,
968 812 1054 876 ἔνθα
1067 813 1204 893 γίνεται

181 916 271 1004 αὐτῷ
289 916 436 1003 πάροδος
453 915 506 981 ἐπὶ
523 917 585 999 την
603 918 786 999 βασιλείαν,
804 914 875 980 ἐπεὶ
887 922 1015 981 θάττον
1029 917 1048 982 ὁ
1062 920 1203 1002 Νερβᾶς

182 1022 341 1088 ἐτελεύτα
391 1026 592 1107 αἰσθόμενος
624 1021 676 1104 δέ,
714 1022 764 1087 ὅτι
796 1022 987 1106 διεβάλλετο
1022 1023 1076 1089 ε’πλ
1107 1025 1202 1088 οίνο

126 1139 177 1194 XS
192 1131 333 1214 φλνγίᾳ,
356 1135 524 1207 παντελῶς
548 1131 739 1204 ολνοποσίας
761 1128 922 1213 ἀπείχετο.
959 1130 997 1195 τὸ
1016 1129 1203 1216 Ἀδραμύτ-

181 1258 285 1319 τειον,
319 1237 419 1300 πόλιν
443 1234 571 1319 Ἀσίας,
606 1235 624 1300 δ
658 1235 822 1318 Τραϊανὸς
857 1236 986 1299 ἔκτισεν
1016 1234 1201 1319 λεγομένην

142 1370 168 1408 ιο
182 1341 246 1408 άπὸ
279 1340 506 1427 Ἀδραμύττου
541 1352 603 1408 τοῦ
638 1341 787 1426 άδελφοῦ
819 1343 983 1426 Κροίσου·
1021 1343 1126 1425 ὄνομα
1163 1336 1201 1404 δὲ

183 1448 265 1534 αὐτῇ
288 1449 326 1513 τὸ
349 1450 451 1513 πάλαι
469 1448 686 1514 Ὺποπλάκιοι
712 1451 828 1530 Θῆβαι.

142 1567 168 1620 X
250 1555 301 1618 24.
329 1558 371 1618 Τί
386 1579 444 1639 μοι
457 1559 587 1637 πλῆθος
599 1565 667 1618 τῶν
680 1561 814 1619 θυσιῶν
826 1554 934 1637 ὑμῶν;
953 1551 1043 1636 λέγει
1056 1553 1114 1618 κύ-
1126 1561 1240 1616 ΒεΝιν

183 1682 269 1748 ριος·
286 1664 414 1748 πλήρης
432 1659 498 1745 είμλ
519 1661 802 1744 ὁλοκαυτωμάτων
820 1671 933 1746 κριῶν,
952 1658 1008 1724 καὶ
1026 1658 1125 1745 στέαρ
1140 1659 1196 1742 άρ-

183 1781 253 1834 νῶν
271 1766 326 1833 καὶ
340 1759 420 1852 αἷμα
438 1768 571 1854 ταύρων
584 1765 639 1832 καλ
658 1769 790 1853 τράγων
808 1766 850 1831 ού
868 1766 1043 1850 βούλομαι,
1061 1765 1133 1831 οὐδ’
1154 1764 1195 1829 άν

144 1903 170 1942 15
184 1878 327 1962 ἔρχησθε
350 1875 503 1959 ὀφθῆναί
518 1893 588 1959 μοι·
616 1876 666 1949 τίς
689 1875 752 1959 γάρ
772 1871 937 1956 έξεζητησε
955 1881 1058 1938 ταῦτα
1076 1872 1112 1937 ἐκ
1130 1883 1196 1937 τῶν

184 1993 306 2069 χειρῶν
328 1982 436 2065 ύμῶν;
459 1991 575 2047 πατεῖν
597 1982 658 2064 τὴν
681 1980 788 2063 αὐλάν
810 2004 876 2064 μου
895 1979 935 2044 οὐ
953 1982 1194 2065 προσθήσεσθε.

186 2089 244 2155 ἐάν
262 2087 383 2175 φέρητε
402 2089 586 2171 σεμίδαλιν,
606 2088 759 2172 μάταιον·
781 2089 935 2170 θυμίαμα
953 2084 1125 2170 βδέλυγμα
1141 2085 1196 2170 μοί

185 2195 263 2261 ἐστι.
304 2197 361 2272 τὰς
384 2197 567 2278 νουμηνίας
588 2195 683 2278 ὑμῶν
701 2192 756 2258 καὶ
774 2194 814 2257 τά
833 2194 981 2276 σάββατα
998 2191 1054 2256 καί
1072 2191 1193 2277 ἡμέραν

185 2302 332 2387 μεγάλην
364 2301 487 2384 κλητὴν
519 2299 580 2365 οὐκ
607 2298 779 2384 άνέχομαι·
812 2302 968 2382 νηστείαν
995 2297 1050 2363 καὶ
1078 2298 1194 2384 ἀργίαν

147 2437 172 2474 εο
185 2406 240 2472 καὶ
268 2409 326 2482 τάς
352 2411 535 2491 νουμηνίας
563 2406 658 2490 ὑμῶν
684 2402 739 2470 καὶ
766 2407 823 2482 τάς
851 2402 966 2490 ἑορτάς
992 2406 1087 2489 ὑμῶν
1110 2411 1193 2489 μισεί

185 2513 206 2598 η
230 2516 320 2597 ψυχή
343 2533 420 2597 μου·
444 2511 627 2596 ἐγενηθητέ
647 2536 702 2596 μοι
726 2513 773 2588 είς
795 2514 998 2595 πλησμονήν.

258 2724 281 2759 v.
303 2710 406 2758 12-21
425 2704 530 2758 Ieeaias
548 2705 569 2774 Ι,
590 2709 702 2758 11-14.

257 2901 281 2937 v.
298 2888 311 2935 1
332 2879 449 2950 νέρονας
462 2883 490 2935 Β
506 2883 510 2953 λ
527 2882 542 2936 δ
561 2883 730 2950 καλούμενος
743 2882 779 2950 Α,
798 2881 829 2935 τὸ
843 2880 997 2950 κεφάλαιον
1012 2882 1048 2950 Β,
1068 2884 1190 2935 οοολιυω
1263 2875 1264 2882 ’

186 2970 319 3024 reponere
339 2970 422 3006 ausus
441 2970 503 3006 sum
556 2953 713 3021 στροανὸν
731 2954 759 3007 Α
813 2950 989 3024 ’λδιεβάλετο
1008 2953 1036 3006 Β
1091 2957 1191 3005 Suav-

185 3030 281 3088 τελοῦς
294 3026 332 3092 Χ,
351 3027 491 3086 παντελῶς
505 3024 615 3078 Bekker
631 3029 635 3095 λ
651 3022 769 3094 άπέχετο
783 3025 811 3077 Β
827 3026 831 3094 Ι
848 3022 890 3077 ὅτι
909 3023 924 3078 δ
942 3023 1076 3091 τραιανὸς
1094 3021 1191 3076 ἔκτισεν

187 3096 233 3151 ἐπὶ
251 3105 300 3166 τῆς
318 3093 400 3158 ἀσίας
421 3095 472 3164 την
496 3094 667 3164 άδρυμήτιον
689 3093 839 3166 λεγομένην
857 3092 939 3149 πόλιν
957 3093 1013 3148 ἀπὸ
1037 3092 1190 3162 ἀδρυμήτον

187 3166 422 3238 -11θῆβαιδ
505 3164 841 3237 91εγομένηνοωύε.Χ
925 3170 957 3217 12
976 3161 1003 3218 τί
1026 3185 1074 3233 μοι
1091 3166 1133 3233 Α,
1154 3161 1190 3216 δτι

187 3259 234 3308 μοι
257 3239 338 3310 A,B
446 3244 479 3291 13
503 3237 717 3307 ὁλοκαυτώματα
740 3238 780 3306 A,
808 3234 1042 3304 ὁλοκαυτωμάτων
1069 3236 1097 3289 Β
1124 3229 1191 3288 Lxx

188 3317 222 3363 15
242 3309 373 3380 ἔρχεσθαι
387 3310 415 3362 Β
432 3310 435 3379 Ι
451 3305 548 3378 τίογὰρ
562 3309 589 3363 Α
663 3315 696 3363 18
715 3307 840 3432 σοηββατα
859 3316 933 3375 μισεῖ
949 3306 967 3374 ἡ
986 3305 1063 3376 ψυχή
1078 3326 1132 3375 μου
1149 3303 1190 3360 παλ

186 3378 294 3450 ἡμέραν
312 3381 340 3433 Β
413 3385 446 3432 19
465 3380 567 3448 ιιλητὴν
586 3380 666 3434 deest
683 3379 732 3432 LX
