2556 3996
457 192 566 247 LIBER
584 191 739 248 TERTIUS
1060 191 1102 256 47

89 378 152 439 ρας
173 354 398 440 ἐκιφοιτῶσαν
425 359 645 441 μεσομηνίαν,
673 352 823 420 τουτέστι
845 356 904 431 τὰς
925 355 1062 438 Εἰὸούς,
1084 354 1145 438 ήΧ

87 459 146 527 καί
172 463 278 539 άλλως
305 473 464 546 τιμῶντες
491 463 548 528 διὰ
575 462 637 545 τήν
658 472 727 526 τῶν
752 462 875 545 φώτων
902 459 1105 547 έπιτήρησιν.

89 568 144 634 ὅτι
164 565 200 634 δὲ
224 567 257 646 ἐξ
282 567 456 653 ἑλληνικής
478 572 641 652 σημασίας
662 571 803 634 τίκτεται
826 568 864 632 τὸ
886 578 955 632 τῶν
977 570 1105 634 Καλεν-
1119 579 1175 633 XY

89 676 160 740 δῶν
180 677 298 759 ὄνομα,
321 674 355 753 έξ
378 674 479 759 αὐτῆς
502 674 570 741 ε’στι
594 678 710 760 λαβείν
727 683 786 759 τῆς
803 682 948 760 γραφῆς·
972 676 1022 739 ἔτι
1036 676 1104 760 γάρ

88 779 145 846 καὶ
165 791 231 848 νῦν
253 789 300 869 τῷ
319 779 480 868 ἑλληνικῷ
502 783 614 848 κάταια
636 783 695 858 τὰς
717 779 893 858 Καλένιίας
914 782 1106 867 γράφουσιν
1133 803 1146 844 ε

88 889 122 953 οἰ
140 887 300 973 Ῥωμαῖοι.
347 887 456 955 ἰστέον
480 887 533 972 δέ,
561 889 613 954 ὅτι
636 890 671 954 αἰ
693 886 863 954 Καλένιίαι
877 886 985 974 Ἥρας
1008 885 1104 973 ἑορτή
1118 899 1168 954 XS

90 993 289 1080 ἐτύγχανον,
323 994 473 1061 τουτέστι
505 998 669 1080 Σελήνης·
709 996 742 1060 οἰ
773 996 838 1081 γάρ
870 998 1023 1080 φυσικοί,
1062 995 1106 1071 ὡς

89 1103 242 1186 ἔφθημεν
265 1104 427 1186 εἰσιόντες,
455 1105 523 1166 Δία
546 1098 608 1186 μὲν
630 1103 689 1168 τὸν
703 1100 838 1186 Ἥλιον,
851 1100 963 1188 Ἥραν
985 1099 1023 1167 δὲ
1045 1102 1136 1190 τήνη

89 1211 244 1292 Σελήνην
267 1208 418 1292 ἐνόμιζον
441 1203 539 1293 εἶναι,
561 1206 617 1274 καὶ
639 1209 700 1292 τήν
722 1204 785 1292 μέν
807 1211 990 1293 νεομηνίαν
1012 1207 1107 1294 αὐτῇ,

89 1317 147 1391 τὰς
170 1312 207 1380 δέ
229 1315 369 1398 Εἰὸοάς,
401 1313 552 1381 τουτέστι
578 1315 640 1398 τήν
662 1319 882 1399 μεσομηνίαν,
912 1313 972 1380 Διί
999 1317 1106 1398 ήγουν
1120 1339 1147 1380 ιο

87 1419 190 1509 Ἡλίφ
217 1420 398 1507 ἀνέφερον,
425 1421 667 1505 αληνιλούνιον
693 1423 752 1498 τάς
775 1422 901 1498 Εἰδοὺς
927 1426 1146 1499 καλοῦντεςΧ

92 1525 195 1592 οἰονεί
217 1526 476 1612 κληροσέληνον.
521 1528 559 1593 τὸ
587 1524 625 1592 δὲ
652 1539 720 1593 τῶν
746 1529 862 1593 Εἰδῶν
889 1529 995 1612 ὄνομα
1017 1529 1106 1613 παρὰ
1120 1539 1177 1593 ΧΥ

90 1630 151 1716 μέν
175 1645 244 1712 τοίς
265 1640 449 1711 πολιτικοῖς
472 1633 508 1700 έκ
530 1643 590 1700 τοῦ
613 1636 725 1711 είιίους
747 1643 805 1718 τής
828 1636 994 1718 Σελήνης,
1016 1635 1106 1719 παρὰ

91 1736 126 1806 δὲ
162 1752 234 1818 τοῖς
268 1743 417 1827 ιἱερεῦσιν
457 1740 522 1806 άτιὸ
562 1744 685 1818 θυσίας
725 1742 816 1818 τινὸς
852 1743 994 1827 τρόπον,
1034 1740 1106 1822 ήτις

90 1849 237 1925 εἰδουλις
264 1847 464 1931 ὠνομάζετο,
491 1847 688 1933 εὑρίσκομεν
711 1846 990 1932 εἰσενηνεγμένον.
1026 1868 1106 1930 πεμ-
1121 1861 1147 1915 Y

91 1958 207 2032 τταίας
230 1950 267 2020 δὲ
290 1953 310 2037 ή
335 1952 513 2039 ἕβδομαίας
535 1955 593 2031 τὰς
615 1954 739 2030 Νάνας
761 1956 842 2038 μετά
857 1956 915 2031 τὰς
933 1951 1107 2030 Καλένδας
1120 1981 1147 2022 16

93 2059 282 2147 ἐκήρυττον,
305 2061 357 2126 ὅτι
380 2059 533 2146 ἑκάτερος
555 2071 623 2125 τῶν
644 2059 802 2146 ἀριθμῶν
821 2063 1020 2137 οἰκειότατος
1036 2070 1107 2135 τοίς

93 2172 210 2249 φασίν.
254 2167 305 2233 ὅτι
333 2167 351 2233 ὁ
375 2168 516 2252 Λαβεών
539 2183 621 2251 φησι
648 2168 708 2232 τὸν
731 2165 941 2252 Ἰανουάριον
962 2164 1017 2232 καί
1044 2169 1139 2236 (De-S

94 2275 291 2360 βρουάριον,
312 2272 507 2360 Ἀκρίλλιόν
530 2297 567 2339 τε
593 2272 648 2338 καί
668 2272 823 2358 Ἰούνιον,
846 2272 1021 2352 Σεξτίλιον
1043 2276 1107 2338 Σε-

162 2557 187 2594 v.
204 2544 236 2592 18
251 2537 391 2593 Labeonis
405 2536 570 2608 fragmentis
586 2537 755 2608 addendum,
771 2537 804 2592 οἰ.
819 2537 864 2593 W.
874 2537 948 2591 Kahl
963 2536 1106 2593 Cornelius

95 2607 186 2666 Labeo
204 2609 306 2665 Philol.
326 2608 416 2680 suppl,
436 2608 469 2678 V,
489 2613 540 2662 180
548 2625 608 2678 sqq.

163 2877 187 2913 v.
203 2865 219 2912 2
237 2860 286 2913 καί
309 2858 387 2914 omis.
407 2858 435 2911 B
460 2858 464 2927 1
490 2859 590 2926 φάττον
626 2878 711 2926 φατον
729 2858 757 2912 Α
842 2857 963 2921 δὼςὸὲ
982 2858 1107 2912 ἀπὸτοῦ

98 2931 167 2983 καλῶ
192 2929 335 2999 ἑλληνικοῦ
358 2930 407 2984 καί
429 2928 461 2982 τὸ
484 2931 545 2998 (τοῦ
565 2929 587 2983 O
630 2931 640 2998 )
663 2927 797 2984 καλένὸαι
820 2928 869 2983 διὰ
891 2937 941 2983 τοῦ
965 2928 1106 2998 ἑλληνικοῦ

98 2997 151 3122 ἶίί
152 2999 322 3142 ’ἔίολίάίήὲ
323 2997 1106 3140 {2255ssssssss‘253²'1222ssss25352‘0‘33252Qss02’2‘323203?

99 3139 164 3201 ζετο
179 3141 336 3212 πεμπταίας
344 3145 400 3198 κτλ.
411 3145 466 3212 (15)
476 3143 506 3196 Y
574 3148 590 3195 6
606 3141 648 3196 ὅτι
657 3142 688 3196 αἰ
697 3113 835 3198 καλάνὸαι
845 3173 879 3182 —-
890 3148 922 3195 11
938 3138 1078 3209 ἀνέφερον
1088 3141 1110 3196 S

100 3211 302 3284 ἰέτάγχανεδ
329 3215 333 3288 Ι
361 3221 411 3304 τής
433 3213 548 3283 σελήνης
566 3214 598 3282 S,
624 3213 753 3283 σελλήνης
766 3214 794 3268 Α
819 3216 823 3284 1
849 3214 932 3274 ὡς-
948 3220 964 3267 8
983 3209 1108 3274 εἰπόντες

101 3278 196 3339 desunt
218 3286 240 3341 S
323 3289 339 3340 8
359 3286 427 3357 Δια]
451 3285 499 3339 διὰ
518 3286 546 3339 Β
632 3285 753 3354 9ταάτη
772 3285 813 3354 Α,
841 3282 910 3353 αὕτη
929 3284 970 3352 Β,
999 3283 1111 3352 αὐτῇὸ

101 3354 130 3404 11
149 3356 240 3419 εἰδοῦς
253 3357 292 3425 Χ,
312 3355 417 3411 similia
435 3372 519 3427 saepe
533 3356 613 3410 codd.
683 3362 716 3409 12
735 3353 907 3425 προσέληνον
920 3355 949 3408 Β
1016 3359 1049 3407 14
1067 3374 1107 3408 τι-

101 3421 146 3485 νὸς
163 3427 241 3484 omis.
260 3429 292 3481 X
313 3429 317 3501 ή
341 3426 402 3498 ήτις
415 3459 449 3468 -
466 3434 498 3481 15
518 3425 673 3496 ὠνομάζετο
692 3426 771 3482 omia.
791 3427 823 3480 X
899 3431 931 3480 15
950 3423 1109 3493 τεμτταίας

102 3520 132 3532 -
145 3513 171 3565 p.
185 3504 228 3568 49,
244 3505 277 3552 20
295 3500 389 3554 λοικοί
410 3497 514 3561 πάντες
532 3497 611 3553 omis.
630 3499 662 3552 Χ
743 3504 775 3552 18
796 3495 893 3567 φασίν.
923 3495 979 3552 άπὸ
1003 3494 1035 3551 δὲ
1053 3506 1108 3552 τῶν

104 3564 193 3624 κώνων
212 3574 248 3639 (p.
262 3576 306 3641 48,
322 3574 366 3642 18)
387 3571 421 3640 Υ,
441 3568 483 3624 ὅτι
502 3569 517 3625 ὁ
536 3571 642 3642 λαβεὼν
657 3602 690 3611 -
705 3589 732 3640 p.
747 3575 790 3640 48,
807 3576 840 3625 16
860 3569 1034 3640 εὐφημισμὸν
1052 3569 1075 3624 S
