2556 3996
456 200 565 256 meaa
583 199 739 256 aaarms
1060 201 1104 266 49

91 369 229 449 εἴρηται,
261 367 394 430 Νωνῶν
422 402 465 411 -
498 367 580 430 ἔστω
614 361 651 430 δὲ
683 366 721 430 τὸ
752 366 963 450 παράδειγμα
995 365 1105 451 ὥσπερ
1119 375 1147 428 Y

92 470 169 535 ὅταν
191 481 370 556 πεμπταλαι
393 467 477 536 ὦσιν
499 473 535 536 αλ
557 475 677 537 Νῶναι
696 509 738 518 -
757 472 819 555 τὴν
842 468 879 536 δὲ
902 476 1018 558 τρίτην
1040 473 1105 558 πρὸ

94 589 190 661 τριῶν
211 581 354 661 Νωνῶν,
378 579 440 662 τὴν
463 575 501 644 δὲ
523 580 683 664 τετάρτην
705 579 770 665 πρὸ
794 588 871 662 μιᾶς
893 583 1027 644 Νωνῶν
1050 580 1106 645 διὰ

93 684 128 748 τὸ
149 683 398 770 άποφράζεσθαι
417 686 618 769 τὴνδυάδα,
640 686 703 769 τὴν
720 683 871 770 πέμπτην
888 687 1021 769 Νάνας,
1045 686 1118 769 τὴνι

93 787 186 874 ἕκτην
206 793 271 877 πρὸ
295 791 380 857 ὀκτὼ
404 794 529 876 Είδῶν,
552 793 614 876 τὴν
633 791 779 878 ἑβδόμην
796 794 863 879 πρὸ
882 790 963 857 ἑπτὰ
981 792 1106 874 Ελδῶν,
1134 813 1148 853 5

93 897 150 979 την
176 897 301 983 ὀγδόην
331 900 396 984 πρὸ
425 898 458 977 ’ἐξ
491 900 620 983 Ελδῶν,
651 900 714 983 τὴν
744 899 886 983 ἐννάτην
915 899 981 984 πρὸ
1009 896 1107 963 πέντε

94 1005 216 1088 Εῑδῶν,
247 1005 310 1088 τὴν
341 1006 484 1088 δεκάτην
517 1007 583 1090 πρὸ
613 1007 784 1092 τεσσάρων
810 1007 940 1090 Ελδῶν,
975 1006 1036 1088 τὴν
1064 1001 1107 1070 ια’

91 1111 153 1196 πρὸ
179 1121 283 1197 τριῶν
305 1112 430 1195 Είδῶν,
462 1112 525 1195 τὴν
552 1110 599 1196 ιβ’
622 1113 688 1197 πρὸ
716 1123 793 1197 μιᾶς
816 1114 941 1197 Ελδῶν,
970 1113 1032 1196 τὴν
1061 1113 1107 1195 ιγ’

91 1219 225 1295 Είδούς·
258 1219 320 1302 τὴν
348 1217 410 1302 ιδ’,
443 1220 473 1284 εἰ
504 1215 567 1303 μὲν
597 1231 777 1304 πεμπταῖαι
807 1216 893 1304 ἦσαν
925 1222 959 1286 αλ
988 1223 1110 1285 Νῶναι

89 1323 144 1388 καὶ
174 1324 192 1390 6
223 1327 290 1411 μὴν
320 1325 453 1411 ἡμερῶν
484 1323 527 1409 λ’,
560 1327 625 1412 πρὸ
658 1324 706 1410 ιη’
736 1329 919 1392 Καλενδῶν
948 1335 1009 1392 τοῦ
1039 1325 1109 1390 ἐπι-
1124 1351 1150 1388 ιο

90 1432 185 1508 όντος
215 1435 335 1517 μηνός,
367 1434 397 1497 εί
430 1429 467 1497 δὲ
498 1443 677 1517 πεμπταῑαι
709 1429 772 1517 μὲν
799 1435 834 1498 αἱ
860 1437 979 1498 Νῶναι
1007 1430 1062 1497 καὶ
1090 1432 1108 1498 6

44 1591 46 1596 .
89 1536 155 1620 μὴν
179 1537 312 1624 ἡμερῶν
334 1537 395 1621 λα’,
419 1539 484 1620 πρὸ
508 1536 560 1604 ιδ’
584 1540 769 1605 Καλενδῶν
796 1539 931 1624 ὁμοίως·
959 1541 989 1604 ελ
1013 1535 1051 1603 δὲ
1074 1539 1109 1603 αλ

89 1646 204 1709 Νῶναι
230 1641 293 1729 μὲν
317 1642 491 1730 ἑβδομαλαι
512 1643 568 1710 καὶ
596 1645 614 1711 6
637 1646 705 1730 μὴν
732 1644 787 1712 λα’
806 1646 950 1732 ἡμερῶν,
979 1647 1041 1729 τὴν
1065 1641 1108 1710 ιε’

87 1751 152 1834 πρὸ
175 1749 216 1830 ιζ’
244 1752 429 1816 Καλενδῶν
456 1751 587 1836 ὁμοίως.
634 1750 688 1817 ἐπὶ
716 1748 754 1817 δὲ
783 1763 844 1818 τοῦ
875 1755 1110 1838 Φεβρουαρίοο

88 1859 193 1941 μόνον
216 1859 278 1941 τὴν
301 1855 348 1923 ιδ’
366 1859 431 1944 πρὸ
451 1856 497 1932 ις’
511 1860 696 1946 Καλενδῶν
710 1863 875 1945 Μαρτίων
892 1858 948 1924 καλ
966 1858 1109 1943 καθεξῆς
1123 1879 1149 1920 15

89 1961 166 2028 καθ’
192 1964 360 2048 ὑπόβασιν
382 1973 444 2030 τοῦ
467 1964 616 2051 ἀριθμοῦ
639 1977 707 2031 τῶν
725 1967 918 2031 Καλανδῶν.
955 1966 1054 2049 ἡνίκα
1072 1963 1110 2031 δὲ

90 2069 132 2134 aa
157 2069 309 2154 βίσεξτον
340 2063 375 2158 ᾖ,
407 2072 470 2154 τὴν
496 2070 546 2137 κε’
574 2071 630 2137 καὶ
658 2074 719 2156 τὴν
746 2070 799 2146 κς’
827 2074 892 2157 πρὸ
920 2071 953 2151 ἓξ
982 2075 1111 2138 Καλεν-

90 2177 158 2241 δῶν
180 2180 345 2262 Μαρτίων
367 2180 494 2262 ἔλεγον,
518 2178 536 2244 ὃ
559 2177 615 2244 καλ
639 2185 775 2264 εἴρηται.
818 2183 932 2264 ἔχουσι
955 2175 993 2245 δὲ
1017 2178 1111 2262 ἑβδο-

91 2288 188 2368 μαίας
213 2281 276 2369 μὲν
298 2287 357 2361 τὰς
379 2287 504 2363 Νώνας
527 2287 680 2372 Μάρτιος
703 2288 815 2364 Μάῑος
833 2286 975 2363 Ἰούλιος
1001 2287 1112 2350 Oma-

90 2395 192 2477 βριος,
215 2395 399 2475 πεμπταίας
422 2389 459 2457 δὲ
483 2394 515 2458 ολ
538 2391 649 2459 λοιποὶ
668 2394 797 2470 πάντες.
838 2396 935 2480 ἤρεσε
954 2389 992 2458 δὲ
1019 2392 1147 2477 ὅμωςΧ

91 2507 135 2585 τῷ
156 2501 302 2584 Καίσαρι
325 2497 381 2564 καλ
403 2502 485 2584 μετά
507 2501 568 2584 τὴν
590 2500 732 2584 ἡλιακὴν
758 2512 826 2566 τῶν
853 2511 969 2585 μηνῶν
991 2477 1112 2565 ’διατό-
1126 2521 1152 2559 21

91 2622 198 2670 πωσιν
227 2608 286 2683 τὰς
321 2609 518 2690 σεληνιακάς
549 2605 665 2694 ἑορτάς
696 2618 767 2684 τοῖς
796 2606 876 2692 μησλ
905 2612 1112 2684 καταλείῶαι.

92 2709 144 2775 καὶ
178 2720 284 2776 ταῦτα
315 2708 377 2797 μὲν
412 2711 489 2799 περὶ
525 2723 584 2798 τῆς
620 2713 784 2796 δοκούσης
820 2712 1010 2798 ἀνωμαλίας
1043 2726 1114 2779 τῶν

92 2821 273 2903 πεμπταίας
300 2817 356 2883 καὶ
384 2817 562 2904 ἕβδομαίας
590 2821 649 2896 τὰς
671 2820 795 2897 Νάνας
818 2819 965 2904 ἐχόντων
987 2830 1112 2905 μηνῶν.

51 2934 160 2989 deesfflr
183 2927 234 2990 11.
254 2923 444 3012 Ἑορτάζετο
468 2923 505 2991 δὲ
528 2929 618 3013 παρά
640 2937 710 3003 τοῖς
732 2931 887 3003 παλαιοῖς
909 2926 929 3009 ἡ
954 2923 1016 3012 μὲν
1038 2943 1147 2994 νου-Ρ

161 3088 217 3137 v.1
242 3081 310 3137 ἔστω
325 3089 391 3136 -3
410 3093 495 3153 τριῶν
519 3087 630 3139 Νωνῶν
654 3083 756 3137 desunt
775 3085 816 3153 Ε,
841 3083 908 3137 ἔστω
924 3089 989 3137 -2
1010 3086 1112 3138 Νῶναι

96 3152 196 3208 desunt
213 3154 243 3208 D
333 3153 401 3208 3δὲ
425 3155 503 3210 omis.
524 3156 562 3208 M
567 3156 605 3224 G,
632 3172 733 3209 rasura
759 3155 879 3208 duarum
903 3153 1065 3208 litterarum
1087 3155 1113 3208 G

97 3230 126 3279 17
145 3223 274 3298 βίσικτον
289 3226 326 3279 Μ
340 3229 343 3296 Ι
360 3225 404 3288 ις’
419 3235 452 3295 τῆ
467 3227 521 3295 πρὸ
540 3227 574 3296 Y,
592 3234 626 3296 τῆ
641 3226 732 3280 delevi
805 3231 838 3280 18
859 3225 964 3297 ἔλεγον]
979 3224 1069 3279 ἔλεται
1082 3225 1113 3278 D

98 3302 127 3350 19
146 3296 198 3368 μὲν
210 3296 272 3369 τὰς]
287 3295 356 3366 μετὰ
369 3296 421 3360 τὰς
434 3297 465 3351 F
534 3304 568 3351 20
587 3296 698 3360 πάντες.
717 3296 828 3366 reliqua
841 3296 925 3350 huius
939 3295 1114 3367 paragraphi

97 3366 196 3423 desunt
219 3369 248 3422 Y
330 3373 363 3421 21
383 3368 535 3423 διατόποσι·
555 3369 584 3423 Α
611 3369 762 3423 Traciaius
789 3367 914 3422 decimae
939 3367 1114 3439 paragraphi

98 3437 199 3494 similes
219 3439 354 3493 exhibent
373 3439 483 3494 codices
502 3440 644 3510 plerique,
668 3456 738 3509 quos
757 3440 787 3493 in
805 3438 981 3509 praefatione
1001 3454 1115 3492 enume-

98 3511 152 3564 ravi
225 3516 259 3564 25
279 3509 422 3579 ἑορτάζωο
436 3543 472 3552 -
507 3555 512 3565 .
528 3517 576 3579 50,
591 3517 607 3564 6
626 3511 757 3583 σάλπιγγι
775 3513 797 3566 Ρ
815 3511 835 3564 f.
850 3517 918 3580 82',
941 3509 1115 3566 Boisaonade

100 3579 200 3636 Aneod.
219 3599 259 3651 gr.
279 3582 292 3635 Ι
309 3601 336 3652 p.
351 3588 454 3650 416sq.
483 3529 632 3652 δωρτάζοτο
651 3585 680 3638 Ρ

148 3682 231 3722 Ianua
245 3681 281 3722 ad.
295 3682 448 3723 wnenseh.
937 3677 954 3724 4
