2524 3984
467 195 673 251 PRAEFATIO
963 196 1090 251 LXXVII

78 371 157 424 τοῦτο
184 361 213 436 ἐξ
240 362 336 437 αἰτίας
365 364 493 424 τοιᾶσδε·
524 361 635 444 συνέβη
664 360 734 425 ποτὲ
764 374 800 448 τῇ
824 359 976 442 Ῥωμαίων
1004 363 1088 425 πόλει

77 451 156 529 λιμὸς
176 451 317 532 σφοδρός·
345 451 522 534 ηὑρίσκοντο
545 457 585 536 τῷ
608 452 670 514 τότε
693 450 818 530 ἀδελφοί
840 453 977 513 πλούσιοι
999 459 1089 535 τρεῖς,

79 541 238 619 Kasossos,
267 544 377 614 Νῶνος
399 541 450 602 τοί
472 541 564 614 Είδὸς
586 542 775 621 καλούμενον
804 534 886 602 οὗτοι
914 535 1087 627 ᾑρετίσαντο

79 628 107 690 ίιι
127 639 182 690 τῶν
205 631 322 692 οἰκείων
350 628 516 712 διαθρέψαι
542 629 597 708 τὴν
624 629 711 692 πόλιν
734 629 784 691 καί
808 629 824 691 6
851 626 906 709 μίν
928 630 1088 703 Κάλανδος

78 735 249 817 διεθρὲψατο
272 736 384 816 ταύτην
411 735 521 819 ἡμέρας
549 719 589 817 cd,
618 735 634 797 6
661 735 694 798 δὲ
717 740 826 811 Νῶνος
849 733 960 818 ἡμέρας
984 755 1009 816 z,
1038 736 1091 810 τὰς

79 822 107 884 δὲ
129 823 232 906 ἐφεξῆς
255 823 271 887 6
290 825 395 899 Εἰδός·
419 827 526 887 τούτου
549 824 581 887 δὲ
603 825 758 908 γεγονότος
777 825 935 911 ἐξῃτήσατο
958 823 974 886 6
994 826 1089 905 δῆμος

77 920 235 994 τιμηθῆναι
257 916 328 988 τοὺς
355 913 467 997 ίίνδρας
488 925 541 996 τῆς
568 916 610 988 εἰς
633 915 742 989 αὐτοὺς
769 913 854 976 ἕνεκα
876 915 1016 997 χορηγίας
1038 914 1089 975 καὶ

77 1003 244 1084 διατροφῆς·
277 1004 327 1064 ἵνα
357 995 411 1065 οὖν
441 1005 483 1078 είς
512 1003 600 1083 τιμὴν
630 1004 729 1066 αὐτῶν
760 997 832 1065 δοσιν
863 1003 1024 1083 ἀείμνηστα
1054 1003 1090 1064 τὰ

80 1088 201 1170 ὀνόματα
224 1093 334 1171 αὐτῶν,
358 1092 462 1154 ἔθεντο
485 1103 575 1154 ταῦτα
598 1091 768 1171 ἐπωνυμίας
790 1099 854 1166 ταῖς
878 1090 1000 1174 ἡμέραις
1023 1091 1089 1154 ἐκοί-

76 1197 143 1241 στου
166 1181 267 1261 μηνός.
313 1175 464 1265 (sequiiur
492 1184 678 1261 singulorum
700 1183 847 1242 mensium
871 1183 987 1242 dierum
1011 1202 1090 1244 com-

76 1274 171 1347 putus,
200 1272 342 1348 exemplis
372 1291 389 1330 e
415 1273 652 1348 Byzantinorum
681 1273 745 1331 vita
774 1273 877 1348 petitis
908 1272 1091 1331 iliustratus:

76 1356 194 1436 ἐξῆλθες
223 1360 312 1439 τυχὸν
342 1358 399 1421 νἰπδ
429 1370 482 1440 τῆς
509 1361 738 1421 Κοονσταντίνου
769 1359 881 1434 πόλεως
910 1371 947 1444 τῇ
978 1357 1010 1420 α’
1038 1369 1091 1420 τοῦ

72 1439 218 1528 Ἀπριλίου
243 1442 305 1531 ai).

140 1539 257 1613 Restat,
284 1542 321 1598 ut
344 1539 442 1598 dicam
464 1539 501 1598 de
526 1540 635 1598 ultima
661 1538 865 1616 paragrapho,
894 1559 986 1616 quam
1013 1540 1090 1599 libro

74 1626 113 1684 de
139 1628 363 1706 magistratibus
385 1628 493 1687 tribuit
521 1627 551 1688 O.
575 1629 609 1686 B.
633 1628 744 1687 Hasius
773 1647 876 1687 comm.
905 1648 933 1704 p.
953 1628 1090 1704 XLVHI,

75 1715 113 1773 de
133 1717 280 1776 mensibus
304 1736 374 1776 vero
397 1718 421 1775 I.
444 1718 476 1776 F.
502 1716 679 1793 Schultzius,
708 1717 917 1793 quaestionum
940 1716 1090 1793 Lydiana-

76 1824 179 1864 narum
200 1826 229 1881 p.
249 1808 278 1863 4.
326 1825 380 1883 ego
404 1806 526 1882 quidem
548 1806 715 1882 Lydianam
738 1807 823 1864 illam
846 1825 906 1865 non
928 1825 991 1865 esse
1009 1807 1091 1865 haud

76 1895 284 1970 contenderim,
312 1895 364 1954 sed
388 1895 531 1970 quoniam
553 1895 586 1953 in
607 1894 698 1954 titulo
721 1894 847 1972 legitur:
875 1892 907 1953 ἐκ
930 1904 989 1955 τῶν
1013 1896 1090 1955 ἱστο-

77 1988 152 2061 ριῶν,
175 1984 276 2060 potius
294 1983 438 2042 historiae
457 1984 627 2060 deperditae
645 1983 777 2042 tribuam
794 1983 875 2058 belii,
900 1985 982 2059 quod
1000 1984 1091 2042 Insti-

74 2073 179 2130 nianus
202 2092 270 2131 cnm
291 2072 390 2131 Persis
419 2073 511 2150 gessit
538 2072 675 2149 quodque
699 2072 737 2131 ab
761 2074 881 2131 auctore
909 2075 1012 2132 nostro
1036 2073 1091 2130 eci·

75 2180 225 2220 mus.esse
249 2162 432 2221 celebratum
455 2154 556 2243 (Hasii
579 2181 682 2220 comm.
702 2181 730 2236 p.
750 2158 814 2238 XI).
852 2160 956 2220 eodem
980 2164 1091 2234 autem,

76 2251 217 2326 quoniam
240 2251 302 2310 eius
326 2251 432 2310 incidit
453 2252 575 2326 mentio,
599 2252 726 2309 alterum
751 2268 868 2325 quoque
887 2250 1091 2327 fragmentum

76 2340 211 2417 relegam,
240 2341 320 2415 quod
343 2341 382 2398 ad
408 2341 486 2398 hunc
514 2341 593 2399 diem
621 2359 638 2398 a
665 2339 738 2399 viris
767 2339 862 2399 doctis
885 2339 1004 2398 videtur
1028 2358 1091 2398 esse

76 2430 250 2506 neglectum.
304 2431 386 2487 extat
416 2432 516 2487 autem
545 2429 577 2486 in
609 2428 754 2506 glossario
786 2427 968 2505 Segueriano
1000 2428 1091 2487 tertio

76 2515 139 2597 περί
162 2515 327 2589 συντάξεως
350 2509 483 2598 (Bekker
505 2517 615 2576 Anecd.
639 2537 682 2594 gr.
701 2517 717 2578 I
739 2537 768 2592 p.
790 2509 869 2597 170)
894 2535 915 2574 ε,
935 2537 962 2576 v.
982 2538 1092 2597 παρευ-

75 2607 193 2684 contat.
245 2602 310 2664 ἄντί
332 2614 385 2665 τοῦ
412 2610 590 2686 περιφρονῶ.
634 2598 776 2665 Ἰωάννου
804 2609 856 2664 τοῦ
880 2607 1002 2666 Λυδοῦ·
1032 2601 1092 2664 εταί

74 2693 314 2776 παρευδοκίμουν
337 2695 368 2754 οί
388 2691 501 2774 Πέρσαι
519 2687 690 2771 Ῥωμαίους,
721 2693 942 2755 Οὐεσπεσιανοῦ
967 2692 1017 2754 καί
1039 2699 1092 2753 τοῦ

75 2781 181 2854 παιδὸς
203 2781 294 2844 αὐτοῦ
317 2783 404 2842 Τίτου
427 2788 490 2854 ταῖς
505 2775 681 2855 Ἰουδαϊκοῖς
705 2782 810 2862 μάχαις
828 2779 1092 2862 ἕνησχολημὲυοιυ’.

141 2871 281 2932 Collectis
311 2873 368 2930 tali
396 2872 484 2931 modo
513 2875 543 2931 et
567 2871 601 2930 in
629 2871 763 2931 ordinem
790 2872 918 2931 redactis
946 2873 983 2932 iis
1011 2861 1247 2964 quaeffiffssffi

75 2961 161 3021 hodie
185 2964 344 3037 supersunt
365 2961 542 3038 fragmentis
560 2960 691 3036 Lydiani
711 2962 747 3020 de
765 2961 916 3020 mensibus
934 2960 1013 3035 libri,
1038 2960 1250 3018 ali-fueritlibro-

76 3053 223 3127 quatenus
245 3050 420 3110 restitutum
442 3050 529 3108 illum
552 3068 614 3108 esse
638 3068 734 3126 spero,
758 3051 809 3109 sed
827 3050 883 3108 hoe
902 3049 1093 3125 aliquatenus

74 3142 195 3199 tantum
224 3139 289 3197 fieri
315 3139 449 3215 potuisse
476 3139 572 3214 primo
601 3139 709 3199 obtutu
737 3140 869 3214 apparet.
916 3138 997 3213 quod
1026 3155 1093 3195 oum

74 3229 120 3288 ita
142 3227 190 3303 sit,
214 3247 392 3303 quaeramus
415 3247 533 3288 necesse
556 3230 611 3302 est,
636 3246 782 3304 quasnam
799 3229 899 3302 partes
919 3226 1030 3303 integri
1048 3247 1093 3285 re-

75 3317 313 3394 cuperaverimus
334 3317 469 3393 opusculi
488 3335 622 3393 quasque
640 3318 675 3375 ut
693 3334 772 3374 nunc
791 3334 909 3391 quoque
923 3314 1093 3391 deperditas

75 3406 287 3466 desideremus:
312 3407 391 3482 qued
410 3409 444 3465 ut
467 3406 577 3466 certius
601 3405 751 3480 sciremus,
774 3403 984 3480 inquirendum
1007 3405 1093 3464 nobis

75 3514 139 3554 esse
167 3494 238 3552 duxi
265 3494 297 3553 in
325 3496 495 3570 consilium,
528 3495 608 3571 quod
634 3493 814 3553 Laurentius
845 3497 963 3552 secutus
995 3493 1034 3552 sit
1061 3494 1094 3551 in

76 3584 279 3660 componendo
303 3604 404 3661 opere3
431 3585 507 3644 illud
534 3584 614 3642 enim
641 3584 667 3643 si
694 3581 932 3660 cognoverimus,
961 3582 1093 3641 iudicare
