2530 3988
193 211 255 276 148
474 210 583 264 LIBER
601 209 778 276 QUARTUS.
805 210 925 266 IULIUS

151 384 176 438 X
191 396 281 440 νεται
295 375 353 440 διὰ
370 376 482 440 τόπων
500 373 629 440 δασέων
642 372 697 439 καὶ
712 372 913 458 ἀνοόεότων,
932 369 981 440 ὧν
994 376 1034 440 τὰ
1052 426 1058 439 .
1074 427 1080 438 .
1097 427 1103 438 .
1124 374 1201 440 ἐκεί

190 487 254 546 θεν
278 483 325 558 εἰς
347 481 474 566 ὁμαλὸν
496 480 636 566 ἐκχεῖται
658 478 714 546 καὶ
736 482 839 546 πόλιν
857 483 905 558 εἰς
922 491 1073 567 ποταμοῦ
1091 485 1200 564 κοίτην

191 589 380 672 συνάγεται,
402 587 457 653 καὶ
475 591 679 673 ναυσίπορος
697 589 817 653 λοιπὸν
836 586 890 653 ἐπὶ
910 589 972 671 τὴν
990 590 1131 674 Μερόην
1149 589 1199 653 όιά

191 705 259 759 τῶν
285 693 450 779 ἀοικήτων
477 703 538 760 τοῦ
565 697 667 760 νότου
699 705 810 781 μερῶν
837 692 973 779 φέρεται
999 693 1055 760 καὶ
1082 696 1199 778 ταύτην

165 798 377 887 τπεριρρὲων
413 810 517 886 νῆσον
553 800 722 866 ἀποτελεί·
763 803 833 866 ἔστι
869 803 933 887 γὰρ
965 811 1055 866 πᾶσα
1090 802 1196 886 ὁμαλή.

190 905 348 972 κάκεῖθεν
385 909 422 973 τὸ
459 907 579 973 λοιπὸν
621 907 639 973 6
675 917 740 984 πᾶς
780 906 1008 992 ἐγκλειόμενος
1050 907 1103 973 ἐπὶ
1142 909 1196 990 τὴν

190 1012 357 1097 ἀνατολὴν
384 1012 476 1100 ῥέπει
503 1012 558 1080 καὶ
586 1011 640 1079 ἐπὶ
667 1016 728 1098 την
756 1019 945 1098 Αίμυπτον,
974 1020 1131 1080 κακεῖθεν
1156 1014 1196 1087 είς

190 1121 367 1184 θάλασσαν
398 1119 627 1204 σφροδοτέρου
663 1121 850 1205 πνεύματος
881 1119 1133 1197 καταπνέοντος·
1165 1117 1195 1182 ἐκ

190 1235 249 1309 τῆς
270 1229 346 1310 βίας
366 1228 441 1312 γάρ,
464 1228 508 1304 ὡς
527 1233 664 1314 είρηται,
687 1236 748 1293 τοῦ
767 1230 903 1313 βορείου
920 1227 1108 1313 πνεύματος
1125 1225 1194 1290 ἀνα-

151 1358 177 1398 10
190 1333 358 1416 κλώμενος
384 1332 403 1399 6
429 1335 576 1418 ποταμὸς
603 1332 658 1398 καὶ
686 1339 814 1419 μᾶλλον
837 1333 1073 1418 ἀνεκχεόμενος
1094 1341 1194 1398 πᾶσαν

189 1440 418 1523 καταλιμνοίζει
446 1441 507 1523 τὴν
529 1445 712 1523 Αἴγυπτον.
759 1441 860 1526 εῦρου
888 1435 926 1505 δὲ
948 1438 984 1505 ἐκ
1007 1449 1065 1524 τῆς
1088 1439 1194 1504 ἄνατα

190 1549 249 1627 λῦς
278 1555 349 1622 τοῖς
378 1545 521 1629 ἐτησίοις
551 1545 786 1624 ἀντιπνέοντος
813 1547 834 1631 ἢ
862 1549 963 1612 νότου
991 1546 1055 1612 ἀπὸ
1084 1564 1194 1631 μεσημ-

190 1653 286 1736 βρίας
311 1650 518 1730 ἐξωθοῦντος
540 1654 599 1719 τὸν
621 1658 758 1738 Νείλου,
784 1655 918 1730 εἰκότως
941 1653 959 1719 6
982 1653 1128 1738 ποταμὸς
1149 1647 1194 1715 ἐπὶ

189 1758 252 1840 τὴν
282 1758 457 1825 θάλασσαν
485 1797 527 1806 -
555 1764 771 1844 λωφήσαντος
803 1759 907 1846 ἠρέμα
939 1769 999 1825 τοῦ
1030 1762 1193 1845 βορρᾶ-
1245 1809 1246 1828 ι

151 1889 177 1931 τε
190 1863 388 1951 κατατρέχει.
437 1865 569 1932 κάκεῖνο
603 1863 640 1931 δὲ
669 1869 846 1952 τεκμήριόν
876 1865 944 1932 ἐστι
974 1875 1034 1932 τοῦ
1065 1867 1109 1951 μὴ
1138 1863 1194 1928 ἀπὸ

190 1970 310 2056 τήξεως
333 1974 457 2056 χιόνων
479 1971 640 2051 αὔξεσθαι
664 1972 781 2056 αὐτόν,
810 1972 861 2037 ὅτι
889 1972 930 2038 οὐ
953 1975 1082 2059 ψυχρός
1106 1971 1193 2049 ἐστιν,

191 2076 275 2143 ἀλλὰ
296 2080 433 2164 θερμός,
455 2076 510 2143 καὶ
529 2081 585 2144 διὰ
603 2087 703 2144 τοῦτο
720 2078 988 2156 ὑπονοστοῦντος
1005 2088 1067 2144 τοῦ
1085 2078 1194 2150 ὕδατος

192 2183 378 2269 εὑρίσκεται
406 2183 460 2250 ἐπὶ
483 2193 540 2268 τῆς
569 2186 661 2262 ἰλύος
689 2186 753 2264 ζωᾶ
780 2208 855 2250 τινα
883 2185 918 2250 ἐκ
945 2183 1067 2272 μέρους
1095 2187 1192 2250 διαπε-

191 2289 362 2376 πλασμίνα
384 2289 439 2356 καί
463 2291 499 2356 ἐκ
522 2291 643 2378 μέρους
665 2292 828 2357 κνώδαλα.
872 2291 999 2377 πέφυκε
1023 2289 1061 2358 δὲ
1082 2293 1120 2357 τᾶ
1136 2313 1191 2355 τοι-

152 2424 178 2463 εο
193 2406 277 2462 αὕτα
298 2399 479 2483 θερμότητι
501 2396 557 2463 καὶ
580 2399 737 2484 ὑγρότητι
765 2399 1066 2482 ζωογονεῖσθαι,
1047 2420 1126 2484 οπερ
1147 2393 1190 2462 ἐπί

191 2514 260 2568 τῶν
282 2504 393 2569 ἀλλων
415 2504 548 2569 ὑδάτων
572 2504 633 2570 οὐκ
655 2507 759 2572 ἔστιν·
784 2504 904 2588 ἰχθύας
926 2502 1064 2590 γὰρκαὶ
1083 2507 1192 2590 μόνους

193 2612 315 2694 ἔχουσι.
361 2607 415 2674 καὶ
439 2611 472 2675 ολ
494 2607 556 2694 μὲν
578 2612 674 2676 ἄλλοι
698 2612 929 2695 στοχαζόμενοι
953 2608 1119 2694 λέγουσιν,
1140 2609 1191 2692 ἐγὼ

193 2713 289 2780 όέ-
312 2713 416 2800 φησίν
438 2716 686 2802 όΧρῆστος-
705 2719 883 2801 γενόμενος
902 2715 939 2781 ἐν
957 2741 1003 2781 τω
1021 2716 1192 2804 ἀκροτηρίμ
1242 2745 1243 2759 ¹

153 2851 180 2890 τι,
193 2832 251 2907 τῆς
268 2826 490 2908 Μαυρουσίας
513 2822 549 2888 ἐν
572 2831 618 2910 τῷ
642 2826 764 2911 στομίῳ
787 2831 848 2888 τοῦ
867 2821 1047 2889 Ὠκεανοῦ.

159 2939 176 2994 S
261 2928 333 2994 108
348 2927 420 2994 Ὅτι
434 2930 497 3013 όπη
513 2929 555 2994 ἀν
568 2931 674 3016 πυρὸς
683 2931 767 3014 νομὴ
777 2933 915 3013 καίοιτο,
930 2932 1127 3016 σηραγγώδη
1136 2934 1228 2995 deesth

265 3106 289 3141 v
306 3093 318 3140 1
340 3081 426 3141 ὧν
397 3105 432 3140 τα
446 3086 484 3154 Χ,
504 3085 631 3142 όντων
607 3104 641 3142 οι.
656 3087 707 3156 Rr,
727 3087 925 3174 egolacunam
938 3085 1062 3140 indicavi
1116 3087 1193 3140 21⁶0

193 3159 334 3284 ἀόιάτοάἀιΤ
310 3230 337 3283 A
352 3160 356 3227 Ι
377 3154 701 3299 κοάτᾞαινετάιοῖἓςφῗ
701 3160 763 3284 Ξται
782 3165 814 3284 οῗ
830 3175 990 3320 ἕέεξγλεῗάλ
1000 3156 1193 3285 έόθοῗτῖττηνΰόάξίές.

197 3302 223 3355 Τ
282 3299 349 3355 6τὸ
368 3300 514 3355 λοιπὸν-
530 3306 545 3353 7
564 3301 699 3356 κάκεῖθεν
717 3299 796 3356 omis.
816 3301 844 3354 B
860 3303 864 3371 Ι
881 3300 896 3356 6
914 3308 970 3363 πᾶς
988 3300 1055 3369 ΛΤ,
1075 3320 1117 3356 οτι
1133 3304 1193 3354 πλεῖ·

194 3388 260 3428 στου
279 3371 313 3426 ci.
333 3372 376 3426 Rr
452 3368 601 3443 θβαρείου
619 3372 647 3426 A
725 3378 758 3426 10
777 3369 958 3443 ἀνεχεόμενος
975 3373 1003 3426 Α
1078 3379 1109 3426 11
1128 3367 1193 3438 εὖρος

198 3444 223 3497 Τ
293 3448 325 3496 13
345 3442 505 3508 ἐξωθοῦντα
527 3443 553 3496 Τ
622 3449 656 3497 14
674 3445 763 3515 βαρρ”
747 3465 766 3498 α
784 3443 811 3497 Α
884 3449 917 3497 15
935 3442 967 3497 τὸ
986 3442 1024 3512 μὴ
1043 3443 1082 3512 X,
1103 3451 1148 3497 τον
1164 3459 1192 3509 μη

196 3530 264 3569 corr.
283 3513 327 3568 16
398 3520 430 3568 17
452 3513 566 3568 Ovidius
584 3522 689 3570 metam.
704 3516 796 3585 primo
814 3514 843 3567 B
860 3486 1193 3585 οισις.1ἀπονόστοῦντοε

199 3585 225 3638 Τ
294 3590 325 3638 21
345 3582 456 3639 ῦόάτων
475 3583 553 3639 omia.
570 3586 596 3639 Τ
665 3591 699 3640 23
719 3585 834 3657 χρηστὸς
855 3586 881 3640 Τ
