2524 3984
171 173 285 228 XXVIII
574 173 780 229 PRAEFATIO

170 339 203 401 τὸ
236 338 399 422 προστεθὲν
427 338 550 420 ἀφέντες
586 340 653 422 ιτερλ
688 350 742 402 τοῦ
773 340 870 403 τόθεν
901 338 1011 422 άρρενα
1042 337 1062 421 ἢ
1093 341 1194 420 θήλεα
1250 341 1251 376 ³

170 429 295 490 τίκτεται
317 428 391 490 κατὰ
408 430 478 504 τοὺς
500 429 648 509 φυσικοὺς
670 427 806 512 ἐροῦμεν,
830 435 861 491 et
886 431 1034 508 descripto
1060 431 1192 492 medica·

168 518 250 578 mine
274 518 336 595 illo,
359 538 418 596 quo
441 520 503 580 iam
525 519 557 578 in
580 519 679 579 codice
701 520 729 578 R
748 519 969 580 offendebamur
992 511 1074 602 (vide
1098 538 1193 597 supra

169 628 199 684 p.
213 601 308 690 XVI),
328 608 467 685 quodque
485 609 518 668 in
531 609 641 669 uostris
655 609 804 669 codicibus
818 609 861 669 sic
873 608 991 685 plenius
1009 608 1193 669 delineatur:

171 693 187 757 ὅ
206 689 240 779 (ἡ
259 689 338 779 cod)
356 693 388 757 δὲ
402 690 569 869 Ἀντμονός
583 713 658 776 φησι
672 695 703 758 τὸ
718 697 891 779 θηλνγόνον
906 689 1093 780 (θηλάγονον
1107 697 1174 758 cod.
1251 729 1252 758 ;

170 783 221 845 καὶ
249 782 446 866 άρρενογόνον
488 783 685 866 άρρενόγονον
708 780 786 870 cod.)
809 786 937 865 βοτάνας
960 779 1086 868 (βοτάνη
1110 788 1175 848 cod.

169 867 257 951 εἶναι,
275 871 334 934 άπὸ
348 871 380 934 δὲ
393 882 447 936 τοῦ
461 874 629 954 συμβάντος
647 873 702 953 τὴν
720 873 893 954 ἐπωνυμίαν
911 873 1002 948 αὐτὰς
1020 873 1189 953 εἰληφέναι·

169 961 202 1023 τὸ
226 959 357 1044 μὲνγὰρ
380 962 478 1024 αὐτῶν
501 968 598 1024 ποιεῖν
620 961 672 1036 τὰς
694 962 882 1043 θηλντόκονς
905 961 1134 1045 άρρενοτάιιονς,
1158 963 1191 1025 τὸ

170 1047 203 1111 δὲ
233 1051 405 1132 θηλνμάνον
436 1045 622 1133 (θηλάμονον
652 1050 728 1132 cod.)
760 1051 909 1114 ἀνάπαλιν
938 1051 1101 1132 πινόμενον
1125 1046 1139 1136 (
1164 1053 1190 1114 ί-

170 1144 278 1200 νεσθαι
297 1133 375 1223 cod.)
398 1141 560 1222 τριώβολον
578 1134 746 1223 (τριόβολον
769 1135 848 1224 cod)
871 1139 903 1202 ἐν
926 1141 999 1227 οἴνῳ
1022 1139 1081 1202 ἀπὸ
1103 1143 1190 1222 πρωΐ.

169 1231 261 1305 atque
284 1229 321 1288 de
343 1229 389 1289 his
411 1229 509 1290 tribus
532 1230 744 1291 additamentis
766 1251 859 1290 unum
877 1230 1015 1307 idemque
1033 1231 1191 1290 ferendum

169 1336 234 1376 esse
246 1317 392 1377 iudicium
406 1322 544 1396 apparet:
569 1323 622 1379 aut
636 1320 715 1379 enim
729 1319 906 1398 legebantur
920 1319 1037 1379 olimin
1051 1319 1189 1396 Lydiano

169 1406 246 1466 libro
266 1439 308 1448 -
327 1410 393 1466 tum
412 1407 445 1466 in
468 1407 629 1468 editionem
650 1408 821 1485 recipienda
845 1411 914 1468 sunt
933 1441 985 1483 -,
1008 1411 1061 1468 aut
1082 1413 1190 1485 postea

168 1495 286 1555 intrusa
308 1499 379 1555 sunt
397 1497 493 1557 aviro
517 1497 647 1573 quodam
666 1497 752 1558 docto
767 1500 889 1556 -tum
906 1497 1053 1557 removeri
1070 1498 1188 1558 debent.

170 1604 225 1662 ego
254 1585 311 1644 hac
337 1585 370 1643 in
398 1605 430 1645 re
461 1585 574 1664 ambigi
596 1604 683 1662 posse
711 1586 839 1646 libenter
869 1585 1010 1646 concedo:
1040 1605 1112 1645 num
1134 1605 1190 1646 nec

168 1672 292 1751 gloriari
305 1673 398 1733 Plinii
411 1675 530 1734 nomine
548 1675 650 1752 inepte
663 1675 862 1735 recentiorum
885 1674 1059 1734 commentis
1082 1675 1188 1752 indito,

169 1782 264 1838 neque
287 1762 434 1840 Antigoni
457 1763 570 1840 scripta
591 1763 730 1823 adhibere
753 1783 772 1823 a
794 1763 950 1823 Laurentii
971 1763 1092 1843 ingenio
1116 1765 1188 1824 alie·

168 1870 241 1909 num
264 1855 316 1910 est.
363 1855 467 1911 contra
490 1856 591 1911 autem
613 1872 732 1914 monere
755 1852 854 1928 liceat,
877 1853 991 1913 codices
1015 1857 1045 1912 et
1063 1853 1090 1911 X
1109 1857 1140 1912 et
1160 1853 1188 1928 S,
1253 1869 1254 1882 ¹

171 1940 250 2016 quod
273 1940 393 2016 quidem
417 1961 432 2000 e
455 1941 577 2017 reliquis
596 1941 791 2000 Laurentiani
809 1941 879 2001 libri
896 1941 1032 2018 partibus
1051 1947 1187 2019 apparet,

169 2032 327 2089 auctorum
348 2031 470 2090 nomina
492 2029 652 2109 diligenter
675 2049 822 2090 servasse:
847 2050 938 2107 quare
956 2031 1021 2091 reri
1042 2030 1125 2090 haud
1142 2032 1187 2090 itu

162 2137 231 2188 ,esse
251 2118 357 2195 simile,
380 2120 539 2179 omissuros
559 2137 608 2179 eos
626 2118 718 2179 fuisse
737 2122 767 2178 et
784 2119 876 2178 Plinii
894 2124 925 2179 et
937 2119 1085 2198 Antigoni
1102 2139 1185 2179 men·

167 2207 281 2267 tionem
313 2209 394 2284 apud
420 2208 537 2285 Lydum
563 2211 721 2284 repertam.
777 2227 902 2284 cumque
929 2212 1008 2268 esset
1038 2209 1186 2284 quaestio,

169 2296 312 2372 quidnam
335 2296 480 2357 editorem
497 2297 595 2357 facere
614 2297 731 2356 deceret
753 2296 786 2355 in
807 2317 839 2356 re
857 2300 921 2357 tam
939 2297 1039 2372 dubia,
1062 2315 1127 2376 ego,
1150 2317 1187 2356 ne

169 2473 253 2548 duxi,
276 2476 310 2532 ut
334 2493 410 2550 quae
433 2475 570 2551 Lydiana
593 2493 656 2534 esse
675 2474 762 2534 certis
782 2475 965 2553 argumentis
988 2474 1187 2534 demonstrari

167 2566 309 2640 nequeat,
333 2563 378 2622 itu
400 2566 434 2622 ut
457 2564 645 2640 aliquatenus
665 2563 848 2624 consentiam
867 2583 935 2624 oum
953 2563 1186 2638 Krumbachero,

168 2651 234 2728 qui,
263 2654 298 2710 ut
325 2669 416 2728 supra
447 2653 589 2728 diximus,
625 2673 653 2728 p.
679 2653 741 2713 347
772 2652 864 2713 verba
894 2653 1017 2712 alterius
1048 2653 1185 2712 codicum

168 2739 285 2817 generis
308 2738 368 2801 ἔστι
390 2737 422 2801 δὲ
440 2741 552 2821 βοτάνη
568 2774 609 2783 -
623 2740 769 2822 τριώβολα
787 2744 889 2818 aperte
912 2741 1097 2819 interpolata
1121 2761 1185 2802 esse

167 2827 328 2888 contendit,

235 2918 281 2976 Ex
293 2917 340 2993 iis,
360 2938 437 2995 quae
451 2918 539 2979 modo
554 2918 721 2995 attulimus
740 2919 885 2996 sequitur,
903 2919 1001 2980 tribus
1019 2919 1186 2979 rationibus

168 3011 321 3066 servatum
348 3007 433 3066 nobis
460 3026 523 3067 esse
553 3011 717 3067 tractatum
745 3008 833 3067 illum
856 3009 891 3068 de
919 3007 1110 3086 generatione
1133 3008 1185 3069 ho·

167 3096 264 3155 minis.
320 3099 373 3155 aut
405 3096 485 3155 enim
516 3115 576 3154 una
609 3115 677 3156 cum
707 3097 832 3174 reliquis
865 3098 1009 3174 excerptis
1041 3096 1185 3173 Lydiauis

166 3184 298 3245 traditur
320 3187 442 3244 auctore
469 3185 552 3245 nullo
580 3186 749 3262 nominato,
777 3190 832 3248 aut
853 3206 907 3264 per
929 3205 960 3246 se
984 3188 1045 3246 stat
1071 3186 1104 3245 in
1126 3186 1185 3246 sin·

168 3275 247 3352 gulis
278 3274 426 3334 codicibus
457 3274 559 3334 addito
590 3274 699 3351 Splinii
728 3276 860 3352 nomine,
893 3276 977 3336 ouius
1006 3274 1185 3334 recensionis

168 3362 277 3440 duplex
309 3367 392 3422 extat
423 3381 530 3440 genua,
564 3364 692 3440 amplius
723 3384 817 3423 unum
849 3368 879 3424 et
909 3365 943 3424 in
971 3364 1090 3424 brevius
1118 3383 1184 3424 con·

167 3455 299 3511 tractum
330 3453 467 3512 alterum.
524 3456 616 3528 atque
647 3453 721 3512 haec
758 3453 878 3530 quidem
914 3454 973 3513 duo
1005 3471 1115 3531 genera
1147 3453 1185 3512 ad

170 3560 262 3599 unum
291 3541 428 3617 idemque
460 3541 655 3618 archetypum
683 3541 779 3601 redire
810 3542 875 3618 ipso
908 3542 1039 3602 auctoris
1067 3541 1184 3601 nomine

169 2385 242 2461 quid
264 2385 371 2444 incerti
392 2386 425 2445 iu
451 2386 613 2445 editionem
641 2386 816 2462 reciperem,
848 2386 1013 2447 omittenda
1042 2384 1097 2446 illa
1123 2405 1186 2445 esse
1254 2431 1255 2434 η
