2524 3984
468 187 675 243 PRAEFATIO
1020 189 1080 242 LXI

185 354 285 438 ὀρθῶς
307 353 365 438 ἄρα
383 349 444 438 (ed.
462 377 492 432 p.
513 352 793 435 1,1)-ἀροθμὸς
811 352 983 434 ὀνομάζεται
1001 349 1079 439 (cod.

184 448 205 506 f.
225 449 292 520 34¹,
321 447 365 504 ed.
388 438 602 526 p.183‚19).
648 446 702 521 qui
729 446 860 505 codicem
889 445 1009 522 scripsit
1037 466 1081 521 ea,

186 555 261 612 qnae
289 536 321 593 in
349 536 511 611 archetypo
540 534 601 612 legi
627 554 688 593 non
713 538 867 610 poterant,
898 535 1082 611 intemptata

185 622 322 700 reliquit:
349 625 403 683 illa
425 643 496 684 vero
522 624 681 699 explanare
709 624 826 682 studuit
852 626 957 700 postea
985 625 1081 683 altera

185 732 303 787 manue,
324 712 360 772 de
384 733 445 789 qua
468 713 548 771 infra
570 731 668 788 pauca
691 716 780 772 erunt
803 712 936 772 dicenda.

139 803 164 860 B
186 804 295 863 codex
308 802 498 861 Parisinus
512 820 663 879 graecus
680 803 766 862 3084
781 802 954 861 chartaceus
965 803 1083 861 sXVH
1110 824 1137 854 00
1155 842 1160 853 ·

186 891 329 951 foliorum
348 894 400 965 60,
418 910 548 967 quorum
565 891 586 947 f.
603 892 724 949 l--45t
742 891 913 950 continetur
930 885 1083 952 ‘Iohannis

185 980 343 1040 Laurentii
369 979 627 1056 Philadelphensis
652 979 730 1054 Lydi
756 979 833 1039 liber
859 981 895 1038 de
922 980 1084 1055 mensibus,

187 1070 316 1129 Emerici
338 1069 453 1147 Bigotii
480 1087 572 1127 manu
599 1088 614 1126 e
642 1071 762 1129 vetusto
790 1069 893 1144 aliquo
923 1071 1084 1146 exemplari

188 1152 365 1234 descriptus'
390 1150 441 1238 (ef.
458 1156 552 1216 Catal.
572 1157 655 1216 codd.
671 1176 739 1217 mss.
754 1157 827 1216 bibl.
841 1178 902 1236 reg.
917 1159 948 1217 Π
966 1179 994 1234 p.
1010 1161 1085 1233 606,

187 1248 256 1306 Par.
277 1244 386 1325 1740).
427 1247 536 1306 omisso
557 1248 692 1306 tractatu
715 1247 768 1306 illo
791 1246 828 1305 de
851 1247 977 1306 fulmine
1000 1249 1085 1324 poni-

187 1340 238 1395 tur
255 1337 364 1396 titnlus
387 1334 496 1396 ἐκτῶν
514 1334 646 1395 ἰωοίννου
668 1343 722 1395 τοῦ
740 1333 953 1416 praestatae,
977 1337 1085 1412 quibus

188 1425 310 1486 subdita
338 1427 410 1484 sunt
439 1424 556 1499 eadem,
586 1443 664 1500 quae
693 1426 725 1482 in
752 1425 788 1484 A.
834 1424 854 1483 f.
879 1428 920 1487 49
950 1427 1086 1502 sequitur

191 1514 288 1573 Clodii
310 1515 400 1574 Tusci
427 1513 656 1588 Kalendarium‚
684 1514 720 1572 de
749 1534 809 1589 quo
837 1514 938 1573 videas
961 1515 1085 1574 Wachs-

188 1604 340 1663 muthium
362 1624 390 1679 p.
409 1603 487 1662 XIX.

144 1692 167 1748 Τ
190 1694 298 1752 codex
316 1683 675 1768 Oryptoferra'tensis
699 1710 850 1769 graecus
870 1692 891 1749 Z
908 1691 983 1750 dVI
1002 1693 1085 1750 char·
1114 1716 1141 1745 00
1160 1733 1165 1744 .

190 1784 293 1841 tacens
320 1781 529 1842 miscellaneus
558 1800 579 1840 e.
598 1781 784 1855 xv-XVI,
812 1781 945 1841 continet
972 1781 1086 1841 f.156.

193 1873 254 1930 157
280 1867 313 1930 ἐκ
335 1878 394 1930 τῶν
411 1869 566 1930 Κλαυδίου
587 1870 722 1930 Τούσκου
745 1867 933 1950 ἐφημερίδων
952 1867 1088 1950 περὶτῆς
1157 1925 1160 1932 .

190 1967 242 2019 τοῦ
266 1959 378 2020 Νείλου
401 1956 572 2038 ἀναβάσεως
595 1957 628 2019 ἕν
652 1956 725 2037 μηνί
744 1951 866 2042 Ἰουλίῳ.
908 1979 997 2036 quem
1014 1960 1087 2018 titu-

190 2049 254 2108 lum
282 2067 349 2108 cum
373 2048 406 2106 in
434 2049 570 2109 codicum
598 2046 923 2124 Cryptoferratensium
950 2047 1112 2125 catalogo¹

190 2138 386 2214 repperissem
404 2130 543 2219 (Codices
563 2135 741 2213 Cryptenses
760 2157 815 2197 sen
832 2136 980 2196 Abbatiae
996 2135 1088 2212 Gryp-

191 2229 240 2286 tae
259 2227 402 2286 Ferratac
424 2227 456 2284 in
475 2227 646 2286 Tusculano
669 2227 780 2305 digesti
803 2230 834 2286 et
850 2226 996 2284 illustrati
1017 2243 1089 2283 cura

194 2319 224 2374 et
247 2315 347 2375 studio
367 2315 403 2372 D.
423 2315 550 2375 Antonii
567 2316 686 2392 Bocchi,
709 2317 822 2376 Romae
843 2316 928 2376 1884
952 2335 980 2391 p.
1001 2306 1089 2395 506),

192 2404 322 2463 Paulum
348 2403 445 2464 (ilaue
472 2405 659 2482 theologum,
688 2406 741 2481 qui
768 2409 840 2464 tunc
867 2403 996 2480 Gryptae
1019 2403 1089 2463 Fer-

192 2497 278 2552 ratae
302 2493 410 2553 Sacrae
434 2494 600 2570 scripturae
625 2494 738 2554 codices
764 2493 950 2570 inspiciebat,
977 2493 1090 2571 rogavi,

193 2586 230 2640 ut
256 2582 349 2642 huius
378 2582 541 2660 fragmenti
572 2583 714 2642 lectiones
747 2583 845 2642 varias
879 2585 1027 2656 enotaret‚
1059 2582 1091 2639 id

194 2672 276 2748 quod
297 2671 425 2730 libenter
447 2671 531 2730 fecit:
555 2690 648 2747 quare
672 2671 700 2729 ei
721 2672 778 2731 hoc
800 2691 921 2748 quoquo
939 2672 1004 2732 loco
1023 2689 1090 2749 gra-

195 2761 255 2820 tias
273 2760 383 2820 referre
397 2779 530 2837 aequum
548 2762 600 2818 est.
639 2760 831 2820 continentur
847 2763 903 2820 hoe
922 2761 1090 2839 fragmento

195 2869 244 2924 ea,
276 2869 353 2925 quae
385 2849 421 2908 de
448 2849 513 2908 Nili
544 2850 726 2910 incremento
758 2852 921 2909 narrantur
952 2850 1091 2910 editionis

195 2959 224 3015 p.
245 2940 322 3014 144,
343 2940 496 3013 6-148,
518 2941 573 3012 243
604 2939 800 3014 transscripta
831 2944 933 2998 autem
962 2943 1033 2998 sunt
1059 2939 1092 2996 in

196 3047 284 3090 sunm
307 3028 450 3103 codicem,
478 3030 514 3086 ut
540 3030 620 3086 reete
647 3046 768 3086 monere
795 3028 915 3088 videtur
938 3027 1046 3101 Glaue,
1073 3045 1092 3085 a

196 3117 340 3176 monacho
364 3117 467 3192 aliquo
493 3114 650 3192 Oryptensi
673 3116 706 3174 in
727 3117 870 3177 honorem
894 3117 922 3175 S.
945 3116 1018 3190 Nili,
1041 3115 1091 3173 ab·

195 3205 295 3264 batiae
317 3205 401 3264 illius
424 3205 595 3265 conditoris.

147 3293 335 3370 Exemplar
361 3293 552 3352 Lambeeii.
597 3292 775 3353 lambecius
803 3314 871 3354 cum
897 3310 975 3350 anno
1006 3293 1090 3350 1655
1110 3286 1238 3381 ffigffi

196 3383 320 3443 Parisiis
341 3403 357 3441 e
379 3382 582 3460 typographia
599 3382 683 3460 regia
707 3384 806 3443 ederet
825 3381 988 3458 Georgium
1006 3379 1093 3439 0061-

197 3493 270 3532 num
284 3473 320 3532 de
335 3472 500 3549 originibus
515 3470 865 3548 Constantinopolitanis‚
879 3470 912 3527 in
925 3469 1094 3530 adnotatio·

198 3561 286 3621 nibus
308 3561 379 3620 hnic
403 3561 520 3621 auctori
538 3561 685 3636 adspersis
707 3560 825 3636 saepius
844 3559 1007 3619 sententias
1026 3579 1093 3635 pro·
