2524 3984
134 207 273 262 LXXXIV
539 203 745 259 PRAEFATIO

135 375 222 434 huius
254 375 385 451 computi
417 373 638 433 institutionem
665 371 812 432 discerent
839 372 987 448 homines,
1020 372 1153 432 Arcades

135 465 196 522 iam
210 466 301 540 atque
316 463 470 539 Sicyonios
489 461 580 522 fuisse
600 461 790 520 affirmabant
803 463 918 520 veteres
934 453 1002 542 (ΠΙ,
1019 463 1036 520 1
1049 453 1154 542 extr.):

136 553 214 612 uude
236 553 285 628 fit,
312 554 348 610 ut
376 553 413 612 ab
437 552 589 610 Arcadum
617 552 708 626 atque
733 549 941 626 Sicyoniorum
964 550 1154 626 aequalibus,

134 643 166 701 id
190 643 235 701 est
253 661 271 700 a
290 641 393 716 primis
413 640 591 714 hominibus,
609 639 735 714 incipiat
753 639 829 699 liber
846 640 964 698 tertius.
1002 637 1022 714 ἓ
1042 642 1061 697 2
1081 658 1153 698 vero

135 731 167 789 in
190 730 319 789 mediam
346 749 399 790 nos
427 730 535 788 mensis
564 728 766 787 definitionem
792 728 898 802 infert,
927 747 988 803 qua
1016 728 1156 787 absoluta

135 840 189 896 per
212 819 425 896 digressionem
449 818 582 893 aliquam
610 817 646 876 de
674 820 782 876 natura
809 836 909 875 rerum
932 813 965 894 (ξ
986 814 1018 894 3)
1042 816 1155 874 transit

136 909 174 966 ad
194 909 265 966 anni
283 907 461 967 vocabulum
480 908 711 982 computumque
731 901 764 982 (ς
779 897 867 986 deq.)
888 906 968 982 apud
986 905 1155 982 Aegyptios

137 996 266 1056 Graecos
290 997 453 1056 Romanos:
476 996 583 1054 horum
604 996 747 1054 novatam
770 1013 834 1053 esse
858 995 929 1052 anni
951 994 1157 1053 definitionem

138 1105 156 1144 a
178 1085 278 1144 Numa
301 1085 449 1160 Pompilio
474 1087 504 1143 et
527 1083 557 1142 O.
583 1083 708 1142 (laesere
732 1078 765 1159 (ξ
786 1079 834 1160 6):
859 1085 890 1141 et
912 1102 949 1142 ex
971 1083 1156 1142 accuratiore

138 1174 201 1233 divi
223 1174 294 1232 Iulii
315 1173 541 1232 institutionum
563 1172 735 1231 narratione
759 1174 917 1246 supersunt
940 1191 984 1247 ea,
1010 1191 1087 1247 quae
1111 1171 1157 1230 di·

139 1265 249 1322 cuntur
272 1262 306 1321 de
329 1263 444 1322 bisexto
468 1253 502 1342 (ξ
525 1258 565 1339 7),
589 1261 697 1336 quibus
723 1260 879 1319 addiderat
901 1261 1044 1320 nonnulla
1069 1261 1105 1318 de
1123 1260 1157 1319 vi

138 1351 241 1410 Lunae
265 1371 365 1410 omnes
389 1350 532 1427 temporis
561 1353 644 1408 actus
667 1350 802 1426 regente,
830 1352 971 1408 naturam
994 1350 1158 1408 secundum

137 1441 383 1516 philosophorum
396 1443 427 1498 et
440 1439 640 1514 mythicorum
654 1438 820 1498 doctrinam
832 1438 1048 1514 interpretatus
1066 1434 1098 1515 (ἓ
1111 1431 1156 1518 8),

137 1529 215 1587 unde
245 1529 355 1588 transit
385 1529 424 1587 ad
453 1528 541 1587 ferias
571 1528 761 1602 sementivae,
793 1526 902 1602 quippe
933 1545 1011 1602 quae
1042 1529 1158 1586 statum

139 1618 217 1676 diem
235 1620 341 1676 nactae
360 1636 419 1676 non
439 1617 511 1675 sint:
531 1615 723 1692 quamobrem
741 1618 895 1691 exemptae
914 1618 1002 1675 erant
1020 1615 1157 1674 aLunae

138 1708 288 1782 potestate
318 1707 405 1765 modo
435 1706 569 1764 laudata.
620 1705 726 1780 quibus
754 1705 895 1780 expositis
923 1704 1043 1764 brevem
1070 1705 1157 1762 addit

139 1795 377 1871 disquisitionem
405 1794 440 1852 de
468 1797 577 1852 natura
605 1793 750 1852 seminum
778 1793 897 1868 septimi
925 1793 1068 1869 cuiusque
1096 1793 1159 1852 diei

138 1885 200 1943 vim
224 1883 446 1944 observantium
473 1885 503 1942 et
530 1883 566 1940 de
594 1881 693 1940 indole
721 1882 837 1940 numeri
864 1882 1025 1957 septenarii
1050 1885 1081 1942 et
1103 1901 1157 1941 no·

138 1973 254 2033 venerii
277 1965 311 2054 (§
337 1966 379 2054 9).

206 2063 332 2120 Dixerat
351 2063 445 2120 adhue
464 2061 643 2119 Laurentius
662 2060 697 2118 de
716 2077 816 2118 mense
839 2079 975 2135 annoque
996 2059 1159 2118 secundum

142 2156 327 2210 astronomos
347 2152 570 2226 astrologosque
590 2148 763 2222 observatis,
783 2149 940 2208 nunciam
960 2148 997 2206 ad
1010 2148 1160 2206 mensium

141 2240 352 2314 definitionem,
375 2242 410 2298 ut
428 2240 472 2297 ita
491 2239 596 2314 dicam,
620 2237 738 2297 civilem
759 2256 789 2296 se
813 2237 969 2296 convertit.
1014 2255 1158 2314 paragra-

141 2330 218 2405 phus
242 2329 321 2387 enirn
348 2328 462 2387 decima
489 2327 583 2386 fusior
611 2330 656 2386 est
683 2327 846 2402 multisque
875 2325 1043 2386 excursibus
1072 2345 1160 2402 prae-

142 2418 218 2493 dita,
248 2437 324 2493 quae
351 2420 453 2475 tamen
477 2416 510 2474 in
536 2416 709 2474 universum
737 2418 872 2492 spectata
900 2418 971 2493 agat
998 2415 1034 2473 de
1061 2415 1159 2474 tribus

142 2506 285 2582 cuiusque
307 2506 417 2565 mensis
435 2505 518 2564 feriis
537 2505 688 2579 Romanis,
711 2504 747 2563 de
770 2505 912 2564 Kalendis
931 2505 1026 2564 Nonis
1044 2504 1159 2578 Idibus,

144 2597 175 2654 et
198 2596 234 2653 de
252 2595 369 2654 ratione
388 2595 520 2672 singulos
539 2593 602 2652 dies
621 2614 656 2652 ex
673 2593 719 2652 his
738 2594 834 2653 tribus
853 2593 1053 2670 computandi.
1091 2613 1160 2653 con-

143 2683 269 2743 veniunt
292 2687 395 2742 autem
412 2685 614 2744 Romanorum
631 2682 785 2741 Kalendae
809 2701 877 2742 cum
896 2682 1078 2743 Graecorum
1097 2704 1160 2742 νεο-

144 2772 243 2854 μηνίᾳ,
263 2792 323 2849 qua
336 2793 368 2831 re
382 2772 561 2830 Laurentius
579 2771 683 2847 utitur,
702 2774 737 2830 ut
754 2761 775 2848 ξ
793 2775 831 2831 11
847 2773 943 2831 multa
957 2772 1042 2831 nobis
1055 2775 1160 2831 narret

143 2861 294 2920 mirabilia
325 2862 360 2919 de
391 2861 570 2920 animalibus
599 2859 808 2937 lapidibusque
840 2880 936 2920 novae
963 2861 1053 2919 lunae
1081 2861 1163 2918 diem

144 2951 369 3025 venerantibus,
398 2951 504 3026 quibus
532 2949 676 3009 absolutis
699 2968 809 3008 novum
831 2949 1000 3026 ingreditur
1020 2949 1080 3008 iter
1102 2949 1162 3007 dis-

144 3041 291 3116 putatqne
316 3038 335 3116 §
357 3042 396 3099 12
421 3041 456 3098 de
480 3037 647 3098 substantia
671 3040 702 3096 et
723 3037 931 3115 magnitudine
949 3037 1043 3114 ipsius
1061 3041 1162 3096 terrae

146 3129 300 3202 satellitis,
329 3128 407 3187 unde
437 3149 490 3205 per
519 3128 651 3206 singulas
681 3128 770 3185 lunae
801 3125 905 3202 φάσεις
933 3127 971 3185 ad
998 3125 1163 3204 νεομηνίαν

143 3219 171 3275 h.
203 3237 226 3276 e.
259 3217 410 3276 Kalendas
442 3217 528 3276 redit.
579 3214 598 3291 ᾗ
623 3217 663 3274 13
696 3217 765 3291 post
795 3215 945 3274 Kalendas
977 3218 1165 3275 tractaverat

144 3307 247 3365 Nonas
281 3325 398 3382 quoque
431 3308 461 3364 et
492 3305 576 3379 Idus,
613 3303 696 3364 cuius
733 3303 948 3380 disquisitionis
979 3304 1164 3380 paucissima

146 3398 307 3470 supersunt
329 3394 432 3470 verba,
457 3393 562 3452 deinde
581 3412 611 3452 se
631 3393 779 3453 convertit
798 3393 836 3453 ad
853 3394 980 3472 triginta
999 3393 1070 3469 dies,
1096 3395 1164 3471 qui-

144 3483 201 3541 bus
223 3484 332 3654 npgrsis
346 3483 550 3650 pomponitur,
578 3486 750 3559 tractatque
773 3485 912 3543 naturam
935 3483 1051 3541 numeri
1073 3484 1164 3542 iniec-

146 3571 224 3630 narii
303 3574 366 3632 14.
