2556 3996
173 185 216 249 48
537 183 646 238 LIBER
663 183 818 239 TERTIUS

139 357 157 412 S
171 345 354 432 τιτέμβριον
368 346 432 412 άτιὸ
447 345 543 413 ἐννέα
555 346 611 412 καί
626 353 754 413 εἴκοσιν
762 346 896 433 ἡμερῶν
904 347 942 412 τὸ
951 347 1053 412 κάλαι
1063 351 1192 430 λαχεῖν,

174 455 330 541 Μάρτιον
348 450 385 519 δὲ
408 452 463 519 καὶ
481 455 608 537 Μάλον,
630 456 836 520 Κυντίλλιόν
857 477 893 519 τε
915 452 970 518 καλ
988 451 1192 539 Ὀκτῶβριον

175 560 238 627 άπὸ
270 571 348 647 μιᾶς
378 559 434 626 καὶ
463 562 655 647 τριάκοντα,
688 561 772 626 ὅθεν
802 563 883 637 τούς
913 560 978 626 άπὸ
1009 558 1104 626 ἐννέα
1130 557 1192 624 καὶ

174 673 281 734 είκοσι
297 668 430 754 ἡμερῶν
448 666 605 744 ἕλκοντας
622 670 804 752 πεμπταίοις
822 669 911 752 ἔχειν
928 668 987 744 τὰς
1004 668 1125 743 Νῶνας
1141 667 1192 744 ὡς

148 775 401 859 τσεληνιακούς,
418 776 497 850 τούς
515 769 553 838 δὲ
571 773 636 838 άιιὸ
654 783 732 859 μιᾶς
748 772 805 838 καὶ
820 775 997 860 τριάκοντα
1012 772 1191 858 ἑβδομαίας

112 883 221 959 Υεῶς
242 880 412 964 ἡλιακούς·
435 881 495 946 τὸν
517 876 555 946 δὲ
580 881 813 966 Φεβρουάριον
840 879 991 964 ἐπίτηδες
1018 882 1096 957 τούς
1109 889 1238 956 RrIII‚44

178 988 351 1064 Θούσκους
365 987 555 1070 ἐλαττῶσαι,
574 986 688 1071 ἐπειδὴ
702 997 774 1064 ταλς
791 997 859 1052 τῶν
871 991 1104 1071 καταχθονίων
1117 983 1190 1072 ἑορ-

175 1105 248 1170 ταῖς
260 1097 415 1178 φαίνεται
428 1094 512 1180 πρὸς
525 1102 585 1159 τοῦ
601 1092 713 1179 ἱερέως
726 1097 850 1178 Νουμᾶ
862 1091 1116 1180 παραχωρηθελς
1132 1090 1190 1157 καί

144 1217 162 1272 S
178 1201 219 1266 οὐ
236 1201 378 1284 θεμιτὸν
390 1196 444 1285 ἦν,
462 1207 518 1266 ίσα
535 1211 606 1278 τοῖς
624 1199 796 1286 οὐρανίοις
811 1199 915 1266 αὐτὸν
932 1207 1104 1285 τιμᾶσθαι,
1120 1223 1190 1284 μιν

136 1337 163 1377 10
176 1314 308 1392 ωῶῆναι
321 1303 359 1373 δέ
372 1312 501 1392 μᾶλλον
513 1308 573 1372 τὸν
586 1308 698 1373 τοῖσδε
712 1308 749 1372 τὸ
767 1315 836 1372 πᾶν
848 1305 1022 1372 ἐλαττοῦσι
1036 1309 1189 1391 χθονίοις

175 1413 422 1501 ἀφωρισμένον,
442 1415 527 1480 ὅθεν
548 1413 604 1479 καὶ
621 1415 757 1480 πάντων
774 1425 843 1479 τῶν
864 1425 980 1498 μηνῶν
1001 1415 1061 1479 τὸν
1080 1434 1187 1498 τεριτ

175 1523 235 1588 τὸν
257 1521 405 1608 ἀριθμὸν
427 1517 592 1586 ἑλκόντων
618 1522 721 1605 μόνος
743 1519 761 1585 ὁ
788 1522 1016 1607 Φεβρουάριος
1037 1521 1096 1586 τὸν
1118 1521 1187 1584 άνι-

176 1645 238 1694 σον
268 1631 420 1712 φαίνεται
447 1627 566 1712 λαχών.
612 1623 692 1692 ὅδὲ
718 1626 863 1713 ἀριθμὸς
891 1622 989 1704 οὗτος
1014 1637 1073 1711 τῆς
1097 1626 1224 1708 ὐλης,45

136 1765 163 1803 14
176 1733 231 1800 καὶ
254 1733 300 1800 δι’
327 1733 432 1817 αὐτὴν
454 1734 514 1798 τὸν
540 1735 702 1799 δυαδικὸν
725 1733 873 1819 ἀριθμὸν
895 1732 1040 1799 ἐπὶτῶν
1067 1731 1187 1818 ἑορτῶν
1264 1761 1265 1810 1

116 1856 166 1911 Ys
181 1842 212 1906 ολ
223 1839 374 1925 Ῥωμαῖοι
383 1839 641 1925 άιτοφράξονται,
650 1841 833 1906 σεκοῦνδον
840 1839 945 1905 αὐτὸν
958 1839 1062 1905 οἱονεὶ
1071 1839 1187 1922 εὐτυχῆ

136 1964 162 2017 Y
175 1950 321 2034 πατρίως
342 1952 482 2012 καλοῦσι
504 1944 575 2011 κατ’
603 1945 828 2032 εὐφημισμίν,
854 1947 900 2023 ὡς
922 1945 1109 2030 Εὐμενίδας
1133 1940 1185 2009 καὶ

171 2053 387 2140 Ἀδράστειαν
408 2051 464 2118 καλ
487 2053 624 2139 Πάρκας
646 2050 717 2118 κατ’
746 2053 867 2130 αὐτοὺς
883 2054 942 2130 τδς
959 2055 1101 2138 μηδενὸς
1117 2074 1185 2136 φει·

176 2160 319 2246 σομένας
328 2164 470 2246 Μοίρας.
502 2159 566 2225 άπὸ
581 2157 619 2226 δέ
632 2171 701 2226 τῶν
709 2164 842 2225 Νωνῶν
854 2158 910 2225 καὶ
924 2159 1036 2225 αὐτῶν
1049 2159 1110 2237 ἕως
1122 2170 1186 2224 τῶν

177 2271 292 2334 Είδῶν
318 2265 373 2332 καί
397 2266 527 2368 αὐτῶνΔ
535 2269 639 2351 μόνας
667 2264 764 2332 ἐννέα
786 2264 887 2350 μέσας
909 2269 1184 2352 παρετηράσαντο,
1265 2279 1266 2332 λ

138 2395 164 2434 ιο
178 2376 228 2440 ὅτι
253 2376 452 2450 οἰκειότατος
474 2360 533 2438 καί
551 2374 727 2458 προσφυὴς
750 2371 768 2438 ὁ
791 2372 888 2438 ἐννέα
910 2372 1055 2458 ἀριθμὸς
1076 2383 1114 2459 τῇ
1138 2389 1185 2437 σε·

178 2483 275 2568 λήνῃ·
295 2475 392 2556 οὗτος
410 2481 473 2565 γὰρ
494 2477 613 2544 ἑαυτὸν
631 2486 735 2565 γεννᾷ
751 2479 834 2544 κατὰ
848 2477 1068 2564 Ξενοκράτην.
1100 2478 1185 2564 άόρι-

179 2604 256 2664 στος
277 2588 340 2672 γὰρ
363 2586 384 2669 ἡ
408 2587 503 2671 άχρις
526 2584 682 2661 ἐννεάδος
704 2587 867 2670 πρόβασις
888 2583 944 2672 καὶ
966 2588 1090 2670 πλήθει
1112 2584 1185 2650 σύν-

180 2718 278 2770 οικος.
319 2694 380 2776 τὴν
405 2689 466 2777 μὲν
489 2687 552 2758 οὐν
579 2695 760 2776 νεομηνίαν
783 2695 899 2775 ἔλεγον
923 2692 1107 2776 Καλένδας,
1128 2691 1183 2773 τὴν

178 2797 215 2866 δὲ
245 2797 405 2886 δευτέραν
434 2808 494 2864 τοῦ
523 2799 627 2883 μηνὸς
649 2799 713 2884 πρὸ
741 2799 912 2884 τεσσάρων
934 2797 954 2882 ἢ
980 2800 1045 2885 τρὸ
1065 2797 1114 2882 ἕξ,
1144 2797 1183 2871 ὡς

1264 2853 1266 2996 i

249 2994 273 3030 v.
289 2980 321 3028 21
341 2973 512 3028 Xenocrates
532 2972 566 3027 cf.
585 2971 690 3027 Heinze
708 2992 735 3044 p.
752 2978 801 3027 151
821 2971 855 3027 fr,
872 2977 906 3026 58

248 3141 304 3191 v.6
328 3132 371 3188 ὅτι
418 3131 584 3206 εβρουάριον
606 3133 666 3203 (τὸν
689 3131 879 3204 φεβρονάριον
903 3133 939 3202 G)
967 3130 1096 3203 ἐπίτηδές
1122 3145 1183 3201 φασι

177 3208 243 3269 τούς
256 3238 290 3248 -
307 3211 339 3260 18
359 3155 459 3275 μούρας
479 3205 508 3258 Y
522 3204 552 3258 in
570 3205 625 3258 fine
643 3203 709 3257 libri
728 3203 844 3258 secundi
862 3203 976 3258 exhibet
1048 3211 1065 3259 8
1084 3203 1184 3272 ἑορταῖς

178 3276 310 3347 φαίνεται
322 3277 394 3346 πρὸς
405 3276 530 3345 τούνομα
543 3272 760 3345 παραχωρηδείς
774 3273 922 3346 (χωρηθείς
935 3275 1050 3343 Dm
1069 3279 1072 3346 Ι
1093 3272 1183 3345 φαίνε-

177 3369 224 3403 ται
243 3348 321 3404 οωίε.
341 3349 364 3403 S
434 3354 449 3401 9
468 3351 613 3416 τιμᾶσθαι.
647 3344 689 3400 δτι
712 3344 779 3414 παρ’
797 3347 901 3410 ίταλοῑς
919 3346 934 3401 δ
956 3347 1053 3410 δυϊκὸς
1071 3342 1184 3416 ἀριθμὸς

178 3419 382 3489 άτιοφράζεται,
410 3421 563 3474 σεκούνδον
586 3416 618 3472 δὲ
641 3417 727 3472 αὐτὸν
746 3419 801 3489 (15)
824 3418 854 3471 Y
941 3424 973 3474 16
992 3421 1140 3480 καλοῦντες
1159 3411 1178 3468 S

178 3489 301 3558 πατρίως
318 3495 434 3545 καλοῦσι
456 3491 502 3559 Y}
519 3487 700 3559 εὐφημισμάν.
727 3492 780 3543 oet.
799 3488 856 3543 des.
876 3489 899 3543 S
917 3489 921 3561 λ
941 3488 1013 3544 κατὰ
1033 3490 1084 3545 τὸν
1102 3454 1182 3553 DE!

179 3560 320 3630 εὐμενίδες
338 3563 368 3616 Ε
439 3567 473 3617 20
492 3563 507 3616 δ
526 3559 604 3615 οωίε.
624 3561 654 3615 D
727 3567 760 3615 23
780 3556 831 3615 οὐν
849 3559 928 3616 omis.
948 3561 986 3614 M
