2530 3988
198 209 335 264 FRAGM.
353 211 471 266 LIBRIS
489 211 537 264 DE
556 211 664 266 MENS.
684 211 798 267 FALSO
818 210 980 266 TRIBUTA
1033 211 1095 275 181

73 376 152 438 ἔστι
171 371 208 438 δέ
227 372 281 438 καὶ
302 372 395 459 ἑτέρα
418 376 601 458 κατασκευὴ
625 376 796 460 σπυρίδος,
820 373 895 439 ἀντὶ
914 378 1014 440 πίλου
1033 385 1072 462 τῆ
1088 385 1204 440 Cedren.

73 486 209 566 κεφαλῆ
233 479 456 567 ἐπιτιθεμένη,
479 487 626 548 καλεῖται
649 478 687 546 δὲ
708 480 785 563 παρ’
804 480 942 558 Ἰταλοῖς
962 484 1097 568 κοίμελα,

74 586 111 667 ἐξ
139 582 181 653 οὑ
204 586 259 652 καὶ
282 589 493 676 καμελαὺκια.

165 929 468 1004 FRAGMENTA
494 931 652 1005 Limus
680 932 744 1004 οι
773 895 1012 1005 αοωωοοε

389 1072 539 1146 miso
569 1073 791 1148 νοιΒουΑ.
1126 1096 1138 1136 ⁵

161 1229 178 1293 1
205 1238 287 1306 (175).
315 1233 400 1306 Τοὺς
419 1233 584 1314 σκηπτοὺς
597 1229 702 1296 οἱονεί
716 1234 899 1317 κεραυνοὺς
913 1233 946 1297 ολ
960 1233 1097 1315 φιλόσο-
1111 1240 1198 1294 XYR

74 1341 143 1421 φοί
160 1354 242 1422 φασι
260 1337 430 1420 γενέσθαι,
449 1337 529 1402 ὅταν
548 1336 639 1423 ῥῆξις
657 1350 771 1421 νεφῶν
787 1336 934 1421 γένηται·
957 1347 1015 1421 τῆς
1033 1339 1096 1422 γδιρ

73 1443 322 1530 παρακειμένης
344 1443 457 1520 αὐτοῖς
475 1445 622 1527 γεώδους
641 1443 756 1521 οὐσίας
775 1443 975 1529 έξαφδείσης
992 1445 1029 1509 τὸ
1049 1443 1098 1521 ἐξ·

75 1546 195 1634 αφθδν
208 1550 273 1614 ὑπὸ
292 1559 349 1633 τῆς
369 1550 465 1635 ῥιπῆς
484 1549 538 1616 ἐπὶ
556 1553 617 1634 τῆν
637 1560 701 1634 γῆν
719 1553 800 1635 μετὰ
819 1552 930 1637 ῥοίζου
954 1551 1097 1637 φέρεται.

74 1657 134 1722 καί
156 1657 215 1722 έδιν
232 1654 294 1741 μὲν
311 1658 399 1743 ὑγρδι
419 1659 565 1743 τυγχάνῃ
585 1660 665 1722 ὄντα
680 1659 720 1723 τδι
739 1657 834 1742 νέφη,
858 1659 924 1742 δίμα
942 1667 982 1744 τῆ
1001 1681 1097 1723 κατα·
1112 1685 1138 1722 10

76 1773 173 1852 φορᾷ
195 1762 388 1848 σβέννυται,
417 1766 445 1830 εί
469 1761 505 1828 δὲ
529 1763 747 1850 γεωδέστερα,
774 1766 962 1851 πυροειδεῑς
986 1765 1099 1830 ε’κὺλί-

76 1876 209 1955 βονται.
254 1872 317 1960 δὺο
341 1867 378 1936 δὲ
402 1871 481 1954 είδη
497 1883 670 1956 κεραυνῶν
689 1867 778 1936 εἷναί
794 1888 908 1955 φασιν,
933 1865 980 1936 ὧν
999 1870 1016 1936 6
1036 1867 1098 1955 μὲν

78 1978 160 2057 όξὺς
182 1977 237 2043 καὶ
261 1979 364 2061 μανὸς
391 1976 446 2043 καὶ
470 1979 632 2063 διάπυρος
655 1977 757 2062 ἀργῆς
780 1978 988 2063 ὀνομάζεται,
1016 1977 1034 2043 6
1061 1974 1098 2042 δὲ

77 2087 208 2171 βραδὺς
231 2082 286 2148 καὶ
309 2085 485 2168 καπνώδης
508 2088 653 2162 ψολόεις·
679 2082 733 2149 καὶ
757 2084 775 2150 ὑ
799 2081 861 2168 μὲν
884 2086 940 2149 διὰ
963 2085 1025 2168 τῆν
1047 2090 1098 2150 λε-

78 2195 225 2275 πτότητα
243 2190 298 2256 καὶ
316 2190 398 2277 πρὶν
419 2191 606 2275 ἐκπυρῶσαι
625 2195 809 2276 φερόμενος
828 2198 951 2277 οίηεται
970 2193 1027 2257 διδι
1043 2193 1099 2257 τοί-
1114 2217 1139 2258 15

79 2323 173 2381 χους,
197 2299 241 2375 ῶς
259 2295 342 2384 μηδὲ
361 2297 532 2382 έπιφλέξαι
550 2322 582 2362 τι
601 2309 669 2363 τῶν
687 2298 901 2384 όραιοτέρων,
925 2298 942 2364 6
963 2295 1000 2364 δὲ
1018 2301 1098 2383 βρα-

80 2406 222 2492 δύτερος
254 2407 367 2482 ἱκανὸς
396 2402 457 2490 μὲν
485 2405 664 2491 έπιχρῶσαι
699 2407 743 2482 ὡς
775 2405 838 2471 ἀπὸ
872 2406 1015 2489 αὑδοίλης
1044 2403 1098 2469 καὶ

79 2522 203 2578 καῦσαι
227 2511 267 2576 δέ
291 2536 367 2577 τινα
389 2523 457 2577 τῶν
479 2513 731 2596 ὑποπεσόντων,
759 2516 893 2597 βολβῶν
913 2511 968 2577 καὶ
996 2520 1099 2594 συκῆς

80 2618 138 2684 καὶ
161 2620 275 2702 φώκης
296 2618 351 2684 καὶ
370 2619 488 2703 ὑαίνης
508 2622 679 2703 μενόντων
697 2619 863 2704 ἀβλαβῶν,
887 2621 934 2685 ὡν
952 2618 1007 2684 καὶ
1026 2631 1138 2694 ταῖςιν

82 2725 199 2811 δοραῖς
220 2727 550 2812 περιδιφὺεροῦσθαι
574 2730 672 2809 λόγος
694 2729 773 2802 τοὺς
797 2728 909 2802 ἱστοὺς
927 2738 994 2791 τῶν
1013 2738 1099 2791 νεῶν
1112 2736 1171 2790 ΧΥ

154 2901 179 2936 v.
195 2889 210 2935 2
229 2881 363 2952 τνδεμένη
383 2882 471 2951 Οθότ,
494 2900 562 2938 corr.
583 2883 634 2937 (λα.
654 2883 733 2936 Kroll
841 2889 857 2936 6
876 2883 941 2943 τοὺς
960 2882 1099 2950 σκηπτοὺς

82 2969 143 3023 sqq.
155 2955 183 3008 R
195 2954 215 3008 f.
226 2959 283 3009 69V.
303 2953 440 3024 originem
455 2953 568 3008 duxisse
583 2971 598 3008 ο
612 2953 685 3007 libro
700 2954 735 3007 de
749 2953 867 3008 ostentis
883 2952 1015 3006 videniur
1028 2967 1098 3021 para

82 3024 186 3095 graphi
205 3031 354 3095 175-177,
374 3024 408 3080 cf.
423 3026 489 3094 Byz.
504 3026 609 3079 Zischr.
624 3025 650 3078 V
664 3043 690 3094 p.
705 3031 757 3078 412
775 3028 778 3096 Ι
796 3022 838 3078 ότι
861 3025 926 3085 τοὺς
944 3022 1099 3090 κεραυνούς

84 3114 154 3162 φασι
168 3094 299 3167 γίνεσθαι
311 3097 341 3149 Y
353 3098 357 3167 Ι
374 3098 513 3165 οκηπτοὺς
527 3097 614 3152 οἱονεί
629 3095 785 3150 011118.Χῖ
798 3098 801 3166 Ι
819 3095 845 3149 οἱ
860 3091 1012 3164 φιλόσοφοι
1022 3093 1092 3147 omis

83 3167 112 3221 R
185 3175 199 3221 7
219 3165 328 3237 λέγουσι
342 3166 474 3238 γίνεσθαι
489 3169 517 3222 R
532 3169 536 3239 Ι
552 3165 663 3238 γίνηται
678 3168 706 3221 R
778 3174 793 3220 9
813 3167 859 3220 ἐπὶ
877 3164 929 3234 τῆν
947 3173 1000 3234 γῆν
1020 3165 1098 3219 omis.

84 3239 112 3292 R
168 3245 201 3294 10
219 3237 354 3309 ὑγρότερα
369 3240 414 3308 ῩΙ
430 3238 702 3310 τνγχόνειΒΟΒΕ
716 3241 719 3309 Ι
737 3237 805 3293 ὄντα
820 3237 897 3292 omis.
913 3237 942 3290 Y
999 3243 1030 3288 11
1048 3254 1100 3289 πυ-

85 3311 183 3376 ρώδεις
206 3310 234 3363 Υ
286 3317 319 3365 13
339 3309 543 3379 ὀνομαζόμενος
561 3310 649 3381 ἄλλός
666 3311 695 3365 R
749 3315 782 3363 16
802 3307 901 3379 φλέξαι
919 3309 947 3362 R
1003 3313 1035 3360 17
1055 3307 1099 3360 αἰ-

84 3379 176 3436 θάλου
199 3382 229 3434 Y
299 3387 332 3436 18
351 3391 454 3436 κνῶσαι
476 3382 547 3451 YR,
573 3391 660 3436 κῶσαι
679 3383 718 3450 Α,
742 3391 867 3436 κακῶσαι
886 3381 914 3434 Β
940 3381 943 3449 Ι
969 3377 1000 3433 δὲ
1019 3377 1097 3432 omia.

85 3451 113 3504 R
185 3457 217 3506 19
237 3453 285 3507 καὶ
304 3451 404 3522 ὑαίνης
422 3451 501 3507 omis.
516 3454 544 3506 B
560 3456 564 3522 Ι
581 3449 621 3508 ὧν
639 3454 707 3522 ΥΒ,
725 3453 762 3514 ὡς
776 3454 808 3506 Χ
879 3457 912 3506 20
930 3451 1099 3519 περιδιφθε-

86 3532 200 3616 ρρῶμταμ
214 3521 262 3648 u}
263 3533 318 3580 τῶν
333 3522 546 3593 αὐτοκρατόρων
559 3527 651 3578 πλοῖα.
679 3527 731 3578 cet.
747 3524 804 3578 dee.
815 3524 843 3578 R
859 3527 863 3594 Ι
879 3521 959 3594 λόγος
973 3521 1097 3593 omis.Y1
1151 3585 1155 3595 f

85 3611 119 3646 τοι
137 3614 210 3650 ιστια
