2556 3996
167 186 209 250 10
408 233 412 244 ,
543 187 652 242 LIBER
670 187 806 243 PRIMUS

111 349 267 415 ΧῩέστιν
284 350 304 434 ἡ
324 361 382 436 τῆς
402 353 591 428 δωδεκάδος
614 352 726 436 φύσις,
749 352 806 416 διά
829 375 864 417 τε
887 353 971 417 άλλα
992 350 1048 416 καί
1067 350 1180 434 ἐπειδὴ

166 457 365 541 συνέστηκεν
389 457 424 524 ἐκ
447 469 508 525 τοῦ
535 460 848 543 στοιχειωδεστάτου
872 456 928 523 καί
950 459 1179 544 πρεσβυτάτου

164 575 232 629 τῶν
260 563 297 629 έν
326 565 456 643 οὐσίαις
484 567 583 632 εἰδῶν
610 563 975 651 παραλαμβανομένων,
1004 566 1049 642 ὥς
1076 582 1181 650 φασιν

165 671 197 736 οἰ
230 670 294 736 άπὸ
327 683 394 736 τῶν
426 673 647 757 μαθημάτων,
684 672 897 757 ὀρθογωνίου
929 672 1108 757 τριγώνου·
1143 673 1181 736 αἱ

137 779 228 864 ὁγὰρ
252 765 351 844 τοῦδε
373 777 514 863 πλευραί
538 777 574 844 έκ
601 789 705 864 τριῶν
728 773 825 844 οὖσαι
852 776 907 843 καί
934 779 1100 864 τεττάρων
1124 777 1181 844 καὶ

163 883 261 950 πέντε
285 890 516 971 συμπληροῦσι
538 886 599 950 τὸν
621 885 770 972 ἀριθμὸν
789 896 857 950 τῶν
875 885 1004 950 δώδεκα
1021 894 1083 950 τοῦ
1102 888 1181 964 ζωο-

164 994 274 1077 φόρου
296 992 422 1056 κύκλου
441 993 479 1058 τὸ
497 993 718 1078 παράδειγμα·
737 993 1034 1076 διπλασιασθείσης
1053 989 1091 1057 δὲ
1110 990 1181 1069 ἑξά-

164 1099 222 1174 δος
252 1109 309 1184 τῆς
345 1100 585 1183 γονιμωτάτης,
621 1100 693 1182 ἥτις
730 1096 821 1164 ἐστίν
858 1098 942 1185 ἀρχὴ
977 1101 1182 1183 τελειότητος

122 1215 149 1270 X
163 1205 199 1270 ἐκ
226 1217 295 1270 τῶν
322 1208 419 1271 ἰδίων
446 1205 726 1292 συμπληρουμένη
752 1217 863 1292 μερῶν
886 1255 893 1270 .
917 1255 924 1270 .
948 1255 955 1269 .
979 1255 987 1270 .
1015 1207 1181 1272 διατάττει

124 1331 151 1371 10
165 1309 202 1377 δὲ
236 1316 377 1397 Νουμᾶς
415 1313 615 1378 δυοκαίδεκα
653 1323 768 1397 μηνῶν
808 1313 869 1377 τὸν
909 1309 1065 1377 ἐνιαυτὸν
1096 1312 1181 1396 πρὸς

164 1419 358 1486 συντέλειαν
380 1431 448 1484 τῶν
466 1418 585 1484 Ἡλίου
608 1417 663 1483 καί
687 1421 838 1503 Σελήνης
861 1419 1004 1505 δρόμων.
1045 1417 1101 1483 καὶ
1124 1417 1180 1483 ἐπὶ

163 1524 224 1611 μὲν
242 1526 411 1611 Ῥωμύλου
434 1526 452 1592 δ
475 1535 540 1591 νῦν
562 1526 766 1610 καλούμενος
784 1526 937 1612 Μάρτιος
960 1527 1026 1610 μὴν
1048 1536 1181 1612 πρῶτος

162 1629 215 1718 ἦν,
243 1632 297 1699 ἐπὶ
321 1629 359 1699 δὲ
380 1637 503 1718 Νουμᾶ
530 1631 782 1718 προσετέθησαν
800 1630 1007 1718 Ἰανουάριος
1033 1630 1089 1698 καὶ
1115 1637 1181 1697 Φε-

163 1742 352 1826 βρουάριος.
398 1740 504 1826 ἀρχὴν
526 1735 563 1804 δὲ
592 1737 748 1804 ἐνιαυτοῦ
776 1739 794 1805 δ
817 1743 959 1824 Νουμᾶς
986 1741 1082 1822 άγειν
1105 1737 1181 1804 ἐδέ-

123 1865 149 1905 1⁵
164 1864 260 1912 σπισε
278 1845 461 1932 Ῥωμαίοις,
490 1847 570 1912 ὅταν
585 1844 703 1922 Ἥλιος
726 1847 786 1910 τὸν
809 1847 1003 1932 Λίγόκερων
1030 1846 1181 1929 μεσάζων

163 1952 255 2033 αὔξει
286 1955 348 2038 τὴν
374 1953 515 2039 ἡμέραν,
548 1951 768 2037 ἀποστρέφων
796 1953 880 2038 πρὸς
911 1951 996 2037 ἡμᾶς
1025 1951 1090 2018 άπὸ
1116 1961 1180 2017 τοῦ

162 2064 279 2126 νοτίου
296 2070 496 2145 καμπτῆρος,
519 2058 714 2146 προστιθεὶς
731 2069 771 2146 τῇ
790 2058 895 2147 ἡμέρᾳ
917 2058 1090 2145 ἡμιάριον.
1123 2058 1180 2124 καί

164 2168 204 2232 οὐ
232 2171 338 2253 μόνον
362 2167 466 2243 οὕτως
494 2168 553 2232 τὸν
581 2165 736 2234 ,ἐνιαυτὸν
764 2167 983 2250 διετύπωσεν,
1011 2165 1095 2232 ἀλλά
1122 2165 1180 2231 καὶ

161 2278 307 2360 νόμισμα
333 2285 463 2360 πρῶτος
491 2271 662 2359 ἐχάραξεν,
690 2274 734 2350 ὡς
763 2271 796 2352 έξ
823 2273 928 2338 αὐτοῦ
955 2276 1004 2338 ἔτι
1030 2271 1086 2338 καί
1114 2283 1181 2340 νῦν

122 2399 150 2439 20
162 2383 291 2466 νουμόν
310 2419 352 2426 -
372 2378 476 2446 οἱονεὶ
498 2383 684 2465 Νουμανόν
704 2417 743 2426 -
764 2381 824 2445 τὸν
847 2380 970 2465 ὀβολὸν
992 2385 1179 2446 καλεῖσθαι.

162 2486 245 2552 άλλδι
268 2488 334 2571 μὴν
356 2484 412 2551 καί
434 2487 496 2570 τὴν
519 2485 684 2571 βασιλέων
707 2488 826 2570 οἰκίαν,
849 2487 869 2570 ἣ
892 2492 1040 2552 καλεῖται
1064 2488 1180 2553 Παλά-

161 2617 245 2676 τιον,
268 2595 351 2658 κατά
373 2594 433 2658 τὸν
457 2594 624 2678 ἱερατικὸν
646 2591 817 2672 διετάξατο
840 2596 978 2678 δεσμόν.

231 2700 281 2765 18.
300 2698 475 2786 Ἀδριανὸς
494 2699 530 2765 έκ
547 2709 605 2784 τῆς
624 2702 754 2765 Αἰλίων
772 2699 930 2785 ἐτύγχανε
949 2705 1119 2786 φαμιλίας,
1133 2713 1231 2784 Rr1,17

162 2805 266 2872 οἱονεὶ
284 2816 413 2890 γενεᾶς·
436 2807 520 2871 ὅθεν
537 2804 652 2885 ἔδοξεν
670 2807 760 2895 αὐτῷ
778 2808 816 2872 τὸ
830 2809 960 2873 Αἰλίων
974 2809 1080 2893 ὄνομα
1098 2811 1178 2886 τοὺς
1266 2877 1267 2880 ¹

231 2946 255 2982 v.
276 2934 292 2981 2
311 2928 360 2983 καί
378 2925 568 2998 πρεσβυτάτου
587 2926 666 2982 omis,
686 2928 714 2981 Β
790 2934 808 2982 4
826 2926 1002 2999 μαθημάτων
1021 2928 1100 2984 omis,
1120 2931 1152 2984 X
1170 2931 1175 3003 λ

160 3000 326 3070 όρθογώνου
350 3000 378 3052 Β
403 3001 406 3070 ἰ
431 2995 579 3069 τριγωνίου
601 3000 633 3052 X
711 3002 952 3069 6συμπληροῶσιν
977 3001 1103 3070 ἀριθμὸν
1127 3001 1178 3056 τδν

160 3072 270 3126 δώδεκα
290 3071 319 3124 Y
414 3076 428 3125 7
448 3070 496 3124 καί
515 3069 545 3124 ἐκ
563 3073 628 3139 post
646 3068 825 3152 παράδειγμα
844 3071 908 3125 add.
928 3071 989 3138 sch,
1008 3088 1060 3142 ego
1081 3076 1177 3142 9post

160 3152 251 3212 μερῶν
273 3142 407 3196 lacunam
430 3139 554 3194 indicavi
631 3147 648 3196 8
667 3140 699 3196 δὲ
723 3158 793 3195 oms
816 3142 845 3195 Y
867 3145 871 3212 Ι
895 3139 957 3211 ἥτις
974 3142 1053 3198 omis.
1078 3143 1108 3196 Y
1122 3143 1175 3215 γὰρ

180 3217 225 3268 ost
238 3213 312 3270 ἐστὶν
328 3213 392 3268 add.
410 3213 436 3267 G
460 3216 464 3282 1
488 3209 669 3284 τελειότητος]
683 3215 698 3266 λ
712 3212 742 3265 in
757 3229 824 3267 corr.
839 3214 867 3267 A
940 3218 956 3266 9
974 3213 1115 3269 διατάττει
1134 3231 1177 3269 re·

159 3231 239 3353 ἰίομιε
252 3301 341 3354 usque
360 3284 397 3338 ad
411 3303 441 3374 ρ.
462 3289 521 3353 14,1
542 3281 584 3338 ότι
603 3284 631 3339 οἱ
649 3283 700 3353 μὲν
714 3284 827 3355 ἀρχαῖοι
845 3285 948 3339 desunt
966 3285 995 3338 Y
1060 3291 1093 3341 11
1109 3289 1175 3412 τῶιὲ

158 3365 208 3410 τοῦ
228 3358 256 3410 Β
329 3363 362 3411 12
381 3375 503 3425 μαρτηος
520 3355 548 3408 Α
621 3361 655 3409 13
674 3354 856 3424 ἰυννουάριος
874 3356 924 3428 ΧΙ
941 3355 1130 3425 φευρουάριος

161 3432 195 3479 14
213 3427 349 3483 ἐνιαυτῶν
367 3428 399 3482 Χ
416 3443 484 3481 corr.
504 3427 547 3481 Rr
570 3428 574 3497 ἰ
597 3426 677 3497 ἄγειν
697 3427 711 3481 δ
735 3435 842 3496 νουμᾶς
864 3427 892 3481 Β
965 3434 998 3482 15
1018 3427 1034 3482 ὁ
1052 3426 1130 3498 ἥλιος
1147 3430 1175 3483 Β

160 3503 193 3551 17
218 3498 232 3552 δ
256 3500 418 3567 προστιθείς
450 3499 477 3551 Β
586 3504 619 3553 18
647 3497 786 3553 ἐτόπωσεν
815 3499 843 3551 Β
947 3505 980 3552 21
1009 3498 1122 3556 οἰκοίαν
1147 3501 1175 3555 A

160 3575 194 3623 23
214 3567 356 3641 φαμηλίας
373 3570 401 3623 A
483 3574 517 3621 24
536 3566 634 3634 ἔδοξον
653 3570 681 3624 Β
