2524 3984
188 191 292 246 LXXX
596 189 802 246 PRAEFATIO

189 359 364 420 commentis
393 360 509 418 Numae
537 359 686 436 Pompilio
715 360 875 434 attributa,
902 360 951 419 vel
974 361 1196 433 immutationes,

191 467 264 526 quas
279 449 332 507 illa
345 448 511 524 posteriore
529 450 663 525 tempore
681 467 771 525 passa
790 449 859 523 sint,
877 450 926 509 vel
944 449 1072 525 denique
1085 449 1195 508 nomina

189 557 292 598 eorum
305 537 338 597 in
352 555 492 615 graecum
506 555 672 598 sermonem
686 539 842 597 translata.
874 537 1091 597 interciderunt
1105 547 1196 597 autem

189 627 332 703 plurima,
359 627 405 684 ita
433 629 468 684 ut
491 625 678 703 singulorum
700 627 937 704 fragmentorum
961 628 1094 686 ordinem
1116 631 1195 702 atque

188 735 335 776 conexum
357 715 390 773 in
411 715 564 792 integrum
587 716 746 775 restituere
769 716 856 775 hodie
879 715 941 774 iam
963 735 1024 776 non
1046 717 1141 775 liceat.

255 804 411 880 Expeditis
439 803 495 862 tali
523 804 611 865 modo
639 805 689 879 iis,
723 824 799 881 quae
826 805 990 880 posteriore
1020 804 1090 863 libri
1116 803 1196 881 primi

186 896 275 970 parte
298 893 383 953 nobis
406 895 575 968 narrantur,
598 896 694 953 restat
712 896 748 952 ut
766 894 929 969 videamuS,
953 895 1101 969 quomodo
1118 911 1196 969 para·

190 983 312 1061 graphia
339 982 408 1041 inde
437 999 455 1039 a
481 982 580 1058 prima
606 1001 702 1058 usque
730 982 906 1042 adsertam
933 982 1079 1041 decimam
1106 982 1196 1041 distri-

188 1071 287 1130 buerit
310 1070 489 1129 Laurentius
512 1071 677 1130 materiam.
724 1074 755 1130 et
782 1073 837 1131 hoc
860 1071 980 1147 quidem
1003 1071 1049 1129 illi
1072 1089 1195 1131 necessa-

189 1160 269 1218 rium
291 1159 383 1218 fuisse
407 1158 511 1218 statim
533 1160 678 1234 videmus,
701 1163 746 1234 ut,
769 1160 795 1218 si
818 1160 938 1236 quidem
961 1159 997 1218 de
1017 1179 1095 1219 anno
1114 1159 1196 1220 soleri

189 1267 208 1306 a
231 1248 379 1324 Pompilio
402 1249 524 1308 invento
548 1249 645 1308 dicere
667 1249 772 1323 vellet,
794 1249 877 1324 prius
901 1249 938 1307 de
961 1267 997 1307 ea
1021 1268 1098 1325 quae
1120 1267 1195 1326 prae·

188 1337 313 1396 cedebat
335 1336 478 1412 temporis
502 1337 673 1397 definitione
697 1339 809 1415 ageret,
833 1357 923 1413 quam
944 1336 1073 1396 Romani
1095 1355 1196 1396 annum

188 1426 325 1484 lunarem
349 1426 449 1484 decem
471 1425 619 1486 mensium
641 1446 660 1485 a
678 1425 805 1485 Romulo
824 1427 1023 1486 constitutum
1041 1427 1130 1486 fuisse
1146 1446 1195 1502 pu·

187 1515 303 1574 tabant.
349 1534 410 1590 qua
435 1534 468 1573 re
495 1515 609 1574 factum
636 1518 695 1591 est,
723 1519 759 1574 ut
786 1515 931 1574 Romulus
960 1519 1196 1576 commemoretur

188 1602 209 1679 ἓ
231 1606 280 1678 14,
303 1603 354 1662 ubi
376 1603 462 1662 nobis
485 1605 630 1678 traditur,
657 1623 789 1680 quonam
812 1606 946 1681 tempore
969 1604 1006 1663 ab
1033 1605 1087 1664 illo
1110 1605 1195 1663 Roma

188 1693 310 1751 condita
332 1693 380 1767 sit,
404 1693 555 1767 quodnam
577 1693 699 1752 initium
723 1696 856 1770 quotque
879 1711 994 1752 menses
1018 1712 1129 1752 annum
1148 1693 1194 1750 ha·

187 1781 256 1840 bere
279 1781 400 1840 iusserit
428 1781 576 1857 conditor,
604 1783 683 1841 unde
711 1802 793 1842 more
820 1801 873 1842 suo
902 1782 1033 1842 deflectit
1060 1800 1078 1841 a
1106 1783 1195 1840 decem
1248 1793 1249 1798 ’

188 1869 340 1929 mensibus
355 1870 393 1929 ad
407 1870 469 1929 vim
483 1889 623 1930 arcanam
637 1872 750 1930 denarii
765 1871 881 1930 numeri
895 1871 1077 1930 Laurentius
1091 1861 1195 1952 (§15),

188 1959 282 2019 donec
313 1959 449 2035 sequenti
485 1960 676 2038 paragrapho
713 1960 875 2019 revertitur
911 1961 950 2019 ad
982 1959 1195 2019 describendum

188 2067 309 2122 annum,
333 2049 481 2124 quomodo
504 2049 573 2107 inde
596 2068 615 2107 a
638 2048 767 2108 Saturno
791 2067 887 2125 usque
911 2049 949 2108 ad
971 2048 1131 2108 Romulum
1152 2046 1195 2106 ob·

188 2140 323 2196 servatus
352 2137 399 2196 sit.
445 2139 538 2212 utque
567 2138 702 2213 sequitur
724 2137 885 2197 Romulum
911 2138 1023 2213 Numa,
1052 2138 1094 2197 sic
1120 2154 1195 2213 prae·

188 2227 267 2285 cedit
290 2245 357 2284 eum
375 2225 501 2301 Aeneae,
525 2247 540 2285 e
565 2227 649 2286 cuius
673 2227 765 2302 stirpe
788 2227 849 2284 iam
871 2226 941 2286 inde
965 2245 983 2285 a
1005 2227 1110 2302 priscis
1132 2229 1195 2284 tem·

188 2315 310 2391 poribus
325 2317 499 2393 generatum
512 2333 575 2374 esse
589 2316 673 2375 urbis
683 2315 867 2376 conditorem
877 2315 1068 2374 affirmabant
1077 2318 1195 2375 veteres:

189 2408 220 2462 et
243 2423 369 2462 revera
392 2403 511 2462 Aeneae
539 2405 604 2464 fata
632 2424 650 2464 a
672 2405 836 2464 Laurentio
859 2407 982 2463 narrata
1005 2403 1096 2464 fuisse
1119 2401 1195 2461 nobis

188 2492 325 2569 proditur
346 2493 537 2570 paragrapho
563 2495 614 2567 13,
637 2494 686 2553 cui
710 2512 776 2552 eam
800 2512 920 2570 quoque
944 2493 1068 2553 obrem
1090 2492 1195 2570 gratias
1245 2541 1246 2548 ,

187 2600 241 2639 nos
264 2581 375 2640 referre
399 2601 527 2657 aequum
550 2585 604 2656 est,
629 2583 709 2659 quod
731 2582 816 2641 nobis
838 2582 971 2642 servavit
993 2582 1160 2660 vestigium,
1181 2596 1194 2635 e

189 2689 249 2746 quo
273 2670 447 2728 concludere
470 2670 569 2745 liceat,
597 2672 744 2747 quomodo
768 2688 812 2745 ea,
841 2689 918 2747 quae
943 2671 1094 2747 quondam
1120 2687 1196 2746 prae-

188 2761 349 2833 cesserunt,
371 2759 460 2819 hodie
477 2779 548 2819 vero
567 2778 678 2837 magna
696 2780 732 2820 en
750 2763 836 2836 parte
854 2761 973 2836 perdita
992 2762 1071 2834 sunt,
1093 2757 1196 2818 fuerint

187 2847 341 2923 disposita.
378 2851 540 2924 postquam
559 2849 638 2907 enim
656 2849 775 2908 Aeneae
794 2847 930 2908 fabulam
948 2847 1087 2921 absolvit,
1105 2845 1196 2924 pergit
1244 2859 1245 2880 ²

189 2940 292 2996 auctor
319 2938 435 2996 noster:
465 2936 613 2997 τοσούτων
641 2928 697 2998 οὖν
725 2934 963 3010 ἐπιξενωθέντων
996 2945 1048 3015 τῆς
1071 2929 1194 3006 Ἰταλίας,

186 3027 265 3084 unde
288 3025 435 3101 sequitur,
462 3026 564 3101 priora
586 3026 686 3102 capita
715 3026 785 3085 libri
812 3025 903 3102 primi
925 3028 1014 3102 plena
1042 3026 1132 3085 fuisse
1157 3021 1195 3082 hi·

186 3115 348 3175 storiarum
376 3133 452 3190 quae
480 3118 650 3191 narrarent,
679 3116 827 3191 quomodo
856 3135 892 3174 ex
918 3116 992 3175 Asia
1021 3119 1051 3174 et
1080 3111 1194 3174 Graecia

186 3205 320 3263 advenae
343 3222 434 3263 naves
458 3204 496 3262 ad
524 3223 591 3264 oras
613 3204 721 3263 Italiac
748 3203 941 3280 appulissent.
987 3207 1078 3280 atque
1100 3204 1132 3261 in
1155 3199 1194 3259 his

187 3292 383 3351 Laurentium
409 3293 555 3368 imprimis
582 3292 615 3351 id
643 3293 738 3370 egisse
766 3295 884 3353 constat
911 3313 927 3352 e
955 3293 1106 3370 prooemio
1133 3285 1193 3349 libn'

186 3381 223 3439 de
247 3381 473 3459 magistratibus
496 3382 664 3459 conscripti,
692 3385 727 3440 ut
749 3382 909 3441 memoriae
932 3383 1084 3458 proderet,
1114 3396 1193 3456 quae·

185 3489 257 3528 nam
279 3470 381 3529 abhis
401 3471 523 3530 advenis
542 3471 664 3530 inventa
683 3474 714 3531 et
732 3471 770 3530 ab
788 3469 936 3548 indigenis
955 3474 1075 3547 recepta
1094 3467 1192 3530 essent:

185 3557 238 3616 illo
263 3558 342 3617 enim
365 3560 438 3634 loco,
467 3559 585 3618 utiam
609 3579 698 3636 supra
720 3561 899 3634 monuimus,
922 3561 1066 3620 Etruscos
1088 3561 1119 3618 in
1140 3558 1191 3616 Ita·
