2524 3984
191 189 331 246 LXXVIII
593 191 801 247 PRAEFATIO

190 359 305 434 licebit,
338 361 411 437 quid
441 379 476 420 ex
504 360 556 435 iis,
588 379 665 437 quae
698 359 770 421 olim
795 359 920 438 singulis
952 361 1037 422 libris
1070 363 1201 423 tribuerit

190 450 317 508 Ioannes
344 449 459 526 Lydus,
490 449 578 509 hodic
611 449 749 526 supersit.
794 449 934 508 docemur
966 455 1068 511 autem
1098 452 1200 526 titulis,

190 539 242 615 qui
265 556 283 597 a
306 538 471 598 Barbarina
494 538 605 598 servati
632 542 702 598 sunt
728 537 911 617 recensione,
940 540 1070 599 alterum
1096 541 1198 600 librum

189 628 281 688 fiiisse
303 626 370 703 περὶ
396 624 520 707 ἡμέρας,
546 628 670 687 tertium
697 625 763 708 περὶ
786 626 895 706 μηνός,
923 632 1065 705 quartum
1087 631 1123 690 de
1144 631 1197 689 sin·

188 718 267 794 gulis
285 716 435 776 mensibus
454 717 662 792 conscriptum.
699 717 783 776 deest
802 716 911 776 titulus
928 718 1026 794 primo
1045 719 1102 778 soli
1118 719 1199 792 libro,

190 806 241 882 qui
278 805 410 866 omnium
445 805 574 864 maxime
610 805 769 865 mutilatus
806 810 1022 883 corruptusque
1060 810 1120 883 est,
1156 809 1199 866 ita

188 899 224 954 ut
249 895 283 953 in
312 895 495 971 disponenda
526 895 588 954 eius
617 894 746 954 materia
775 894 998 971 desperaverint
1025 896 1084 956 viri
1110 897 1197 956 docti:

188 1004 225 1044 ne
249 984 284 1042 de
308 987 484 1060 argumento
506 982 625 1059 quidem
642 983 725 1042 illius
744 983 914 1058 constabat3
939 1004 998 1061 quo
1018 985 1196 1059 factumest,

187 1075 222 1130 ut
247 1071 301 1131 Gn.
320 1071 450 1132 Roether
472 1073 504 1130 in
527 1072 657 1132 editione
679 1071 748 1132 huie
771 1072 847 1131 libro
870 1073 1056 1150 inscripserit
1075 1069 1195 1150 ‘excerp-

188 1164 288 1219 torum
310 1161 386 1221 varii
409 1156 599 1239 argumenti'.
645 1164 792 1237 attamen,
816 1161 841 1220 si
864 1163 998 1240 singulas
1021 1165 1111 1241 primi
1132 1163 1195 1222 libri

186 1250 391 1328 paragraphos
405 1251 574 1309 accuratius
589 1251 879 1327 perlustraverimus,
898 1256 1109 1329 argumentum
1124 1251 1194 1310 illud

186 1338 268 1398 haud
298 1339 342 1398 ita
374 1341 493 1399 varium
523 1339 615 1400 fuisse
647 1340 862 1417 intellegemus.
912 1341 1082 1419 fragmenta
1114 1343 1193 1413 enim,

187 1446 264 1504 quae
287 1427 375 1488 hodie
398 1431 565 1504 supersunt,
589 1429 736 1504 quomodo
760 1428 833 1487 olim
855 1430 934 1488 inter
957 1447 987 1489 se
1007 1430 1193 1500 cohaeserint,

186 1517 295 1578 indicio
319 1520 364 1576 est
387 1515 406 1593 ἓ
426 1520 478 1592 37,
501 1536 593 1593 quam
615 1538 631 1576 e
653 1517 839 1593 praefatione
862 1517 939 1578 libro
963 1518 998 1577 de
1017 1518 1192 1597 magistrati·

185 1605 240 1665 bus
262 1606 427 1683 praemissa
454 1606 512 1665 huc
534 1607 713 1666 translatam
741 1625 803 1665 esse
831 1625 923 1683 supra
944 1608 1059 1667 monui:
1088 1606 1122 1667 τὰ
1143 1605 1192 1687 γὰρ

185 1692 313 1773 ἐπίσημα
345 1699 404 1754 τῶν
436 1691 585 1774 ἀρχόντων
617 1693 675 1756 ἀπὸ
710 1695 855 1756 &odoacre
887 1693 986 1775 λαβὼν
1016 1693 1033 1756 ὁ
1061 1695 1192 1776 βασιλεὺς

186 1785 312 1861 Νουμᾶς
339 1794 376 1868 τῇ
402 1783 533 1867 πολιτείᾳ
560 1782 729 1864 εἰσήγαγεν,
757 1783 854 1865 ὥσπερ
880 1784 931 1845 καὶ
958 1789 1016 1844 τῶν
1045 1784 1142 1845 ὅπλων
1162 1783 1191 1843 τὸ

185 1871 335 1951 δύσμαχον
358 1871 416 1932 ἀπὸ
440 1875 587 1933 Γαλατῶν.
633 1874 734 1932 fuerat
756 1876 867 1949 autem,
893 1877 930 1933 ut
952 1893 987 1933 ea
1014 1894 1091 1950 quae
1113 1893 1191 1950 prae·

185 1962 293 2021 cedunt
322 1981 376 2021 nos
407 1962 542 2039 edocent,
571 1962 604 2021 in
630 1963 726 2038 primo
755 1963 791 2021 de
820 1963 971 2023 mensibus
998 1963 1075 2023 libro
1103 1963 1190 2022 fusius

184 2051 369 2127 disputatum
392 2050 428 2109 de
451 2051 544 2129 Lydis
571 2069 731 2128 eorumque
757 2052 908 2127 mysteriis
933 2052 971 2111 ab
993 2052 1127 2112 Etruscis
1149 2070 1189 2111 ac·

184 2141 278 2217 ceptis
301 2143 331 2199 et
354 2140 390 2198 de
412 2141 643 2218 magistratuum
665 2140 855 2217 militumque
877 2141 1042 2219 insignibus
1062 2161 1081 2200 a
1097 2141 1190 2201 Numa
1244 2141 1245 2214 ,

183 2228 331 2305 Pompilio
347 2229 474 2288 Romam
493 2229 603 2304 allatis
623 2249 700 2305 quae
718 2248 766 2288 res
785 2248 891 2290 causae
909 2231 976 2306 fuit,
995 2234 1031 2290 ut
1049 2249 1099 2291 eos
1116 2231 1190 2290 locos

182 2317 252 2377 libri
274 2318 311 2376 de
333 2318 569 2396 magistratibus,
593 2318 700 2394 quibus
722 2317 852 2396 insignia
875 2318 1022 2394 quaedam
1044 2320 1092 2379 vel
1111 2317 1187 2377 insti·

182 2409 249 2465 tuta
272 2407 505 2483 magistratuum
527 2407 717 2482 militumque
742 2406 881 2466 describit
903 2407 1004 2483 Lydus
1027 2408 1188 2485 quibusque

182 2494 324 2555 lectorem
351 2495 389 2554 ad
415 2495 525 2555 librum
551 2493 618 2574 περὶ
644 2499 749 2573 μηνῶν
780 2496 910 2574 relegat,
937 2496 1008 2555 huic
1035 2498 1130 2572 primo
1157 2495 1188 2552 dc
1243 2535 1244 2558 l

181 2583 330 2643 mensibus
344 2584 445 2644 libello
460 2588 615 2661 tamquam
624 2581 839 2662 ἀποσπάσμοτοι
849 2585 987 2644 adderem
996 2577 1030 2666 (ξ
1041 2576 1188 2664 38-41).

182 2674 212 2731 et
240 2674 343 2731 extant
369 2692 402 2732 re
428 2693 500 2733 vera
526 2673 622 2751 ipsius
649 2673 719 2732 libri
746 2673 929 2751 fragmenta,
959 2674 1068 2750 quibus
1095 2677 1187 2734 actum

180 2761 271 2821 fuisse
291 2761 326 2820 de
345 2761 570 2840 magistratibus
589 2781 750 2838 eorumque
768 2763 875 2822 habitu
893 2766 995 2839 aperte
1014 2761 1186 2822 demonstre-

180 2852 243 2926 tur,
272 2851 390 2909 etiamsi
416 2851 492 2909 nihil
522 2851 604 2910 aliud
635 2852 671 2911 ab
703 2851 949 2927 epitomatoribus
980 2853 1123 2911 traditum
1152 2850 1187 2908 sit

180 2939 239 2998 nisi
262 2940 460 3015 compluribus
483 2940 556 3000 locis
574 2940 671 3000 latina
689 2941 921 3018 magistratuum
939 2942 1060 3000 nomina
1079 2959 1184 3001 eorum·
1242 2939 1243 2984 l

181 3047 238 3105 que
261 3029 358 3088 versio
386 3047 505 3106 graeca:
537 3048 614 3106 qnae
640 3030 810 3107 fragmenta
838 3029 875 3088 ad
902 3031 1085 3107 paragraphi
1110 3028 1186 3087 illius

181 3120 221 3178 37
246 3119 456 3177 auctoritatem
478 3119 523 3177 ita
550 3117 776 3195 explicabimus,
803 3120 839 3176 ut
866 3119 959 3177 artius
982 3119 1037 3178 illa
1060 3120 1138 3177 inter
1158 3133 1184 3175 se

179 3207 344 3267 cohaesisse
359 3207 509 3282 quondam
527 3226 679 3267 sumamus
698 3210 853 3284 tamquam
872 3227 887 3266 e
905 3207 1045 3267 continua
1063 3206 1184 3281 descrip-

179 3297 261 3356 tione
283 3315 383 3355 rerum
406 3315 424 3354 a
442 3297 542 3355 Numa
564 3296 713 3372 Pompilio
736 3296 944 3356 institutarum
964 3293 1091 3373 residua,
1113 3294 1183 3354 unde

179 3388 284 3445 auctor
307 3385 426 3461 saepius
450 3386 589 3462 delapsus
613 3389 658 3444 est
681 3386 719 3444 ad
741 3385 888 3444 voeabula
906 3384 1110 3446 Romanorum
1126 3387 1182 3442 tam

178 3474 291 3532 usitata
314 3493 405 3549 quam
427 3475 572 3533 inusitata
595 3474 777 3550 explicanda.
814 3478 905 3550 atque
924 3476 1053 3551 primum
1072 3474 1182 3552 quidem

177 3562 296 3620 Numae
315 3581 422 3620 nomen
441 3564 570 3622 occurrit
593 3561 611 3638 ξ
633 3565 683 3639 17,
707 3582 766 3640 qua
785 3563 821 3622 de
840 3582 917 3624 anno
937 3563 1092 3624 duodecim
1110 3579 1182 3622 men-
