2524 3984
155 187 176 239 L
217 183 222 192 '
563 183 770 240 PRAEFATIO

155 353 187 413 oi
208 349 240 413 δὲ
267 351 365 413 lomol
391 353 557 432 πεμπταίοις
583 352 635 426 τὰς
740 371 769 429 p.
794 352 913 429 298,4:
943 351 987 412 ὅτι
1013 353 1187 432 βηξιλλατί·

153 440 274 520 νόννας,
297 439 348 503 καὶ
365 442 637 524 τρισκαιδεκαταίας
697 457 772 514 cives
793 473 836 484 -
860 441 1040 520 φλάμμονλα
1065 463 1108 491 ·-··
1134 443 1187 502 cd.

156 529 210 604 τὰς
232 529 339 603 aldeae.
695 551 723 607 p.
745 532 962 605 lma-21.

199 623 339 697 excerpta
366 623 436 680 sunt
465 641 481 679 e
510 619 566 699 HI,
579 615 635 695 1ος
743 622 775 678 7:
799 617 843 679 duo
871 619 1042 698 δηλάτωρας
1059 651 1097 661 -
1112 612 1184 681 Ῥω-

154 710 190 767 cf.
212 710 257 768 cd.
279 731 309 786 p.
333 711 385 768 45.
695 707 779 787 μαῖον
792 727 835 756 ==÷
850 708 895 768 ed.
910 726 938 785 p.
951 711 1024 783 180,
1035 711 1186 768 22-23.

197 818 226 874 p.
246 800 370 873 mo:
410 800 568 877 Φορνοῦνα
593 830 635 838 -
697 790 769 879 (fig.
792 797 849 857 inc.
873 797 934 856 sed.
960 789 1025 878 10).

154 885 437 964 eoooapooc'oaed.
456 903 484 962 p.
502 887 636 962 180,24.
742 891 773 947 9:
797 882 818 964 ἡ
840 879 911 967 παρ’
929 878 1185 963 “aliquemne

155 968 228 1057 (ing.
250 975 308 1036 inc.
332 994 354 1035 s.
380 968 446 1056 11).
694 979 797 1036 λοῦσιν
821 993 864 1023 ⁸*
888 975 933 1035 cd.
956 996 986 1052 p.
1012 978 1186 1052 13,11·-·-

203 1067 235 1123 7:
268 1062 313 1124 ὅτι
341 1059 364 1142 ἡ
392 1063 637 1142 δενὰςὰφύον-
698 1068 789 1138 14,9.

155 1173 203 1212 ται
226 1171 269 1200 ==
293 1151 339 1212 sd.
361 1173 391 1229 p.
413 1154 471 1228 9‚5
487 1167 556 1230 app.
741 1155 797 1212 24:
825 1152 1009 1232 tptodpouov
1033 1185 1075 1194 -
1098 1152 1186 1237 αὐτῷ
1258 1185 1259 1236 3

203 1245 257 1302 1οτ
281 1239 637 1322 orricio-acepsimam
697 1261 739 1290 ==
763 1242 808 1300 cd.
830 1258 861 1318 p.
885 1243 1067 1318 salu-23.
1258 1297 1259 1330 ἱ

156 1356 199 1378 --
223 1330 267 1389 eo.
291 1332 636 1407 p.180‚25-181,3.
740 1350 769 1407 p.
785 1333 904 1406 asos:
924 1329 968 1391 on
987 1323 1179 1408 ‘Pomoru-
1257 1397 1259 1412 ,

157 1413 227 1497 (frg.
250 1420 308 1478 inc.
331 1420 390 1480 sed.
411 1413 484 1502 112),
695 1419 933 1499 βνγάριοιτ-θὰ
950 1440 980 1497 p.
997 1421 1182 1494 7,14-15.
1255 1415 1259 1492 l

163 1551 167 1558 -
203 1503 638 1590 lamissione-aturrus
741 1511 775 1568 4:
801 1506 956 1582 Λατίνους
975 1538 1016 1550 -
1035 1507 1184 1568 καλοῦσιν
1254 1540 1260 1598 ἕ

156 1623 199 1646 =-··
223 1598 268 1657 sd.
292 1613 321 1674 p.
342 1599 519 1673 ultast,
530 1599 581 1657 14.
698 1615 739 1646 a*
756 1597 800 1657 ed.
824 1610 852 1673 p.-
877 1597 1056 1673 uus—24.
1257 1599 1258 1620 ¹

223 1810 404 1870 Intellexisti
427 1813 529 1870 autem
552 1831 587 1871 cx
614 1811 670 1870 hoc
690 1812 866 1888 conspectu,
897 1814 1081 1888 quantopere
1106 1811 1183 1870 ordo
1254 1824 1260 1899 ζ

156 1899 424 1977 paragraphorum,
455 1901 554 1977 qualis
578 1901 650 1960 olim
672 1901 742 1978 fuit,
770 1901 907 1959 mutatus
931 1900 1012 1959 sita
1036 1897 1183 1974 Gedreno,

157 1990 202 2048 ita
238 1992 274 2047 ut
304 1988 413 2048 mirum
449 2009 509 2049 non
541 1990 595 2066 sit,
634 1989 714 2066 quod
746 1983 895 2049 dubitatio
925 1989 1030 2048 relicta
1063 1991 1110 2048 est
1143 1989 1180 2047 de
1257 1985 1258 1988 ’

157 2079 369 2138 nonnullarum
406 2079 484 2138 sede.
539 2079 736 2138 subsecuntur
772 2097 842 2138 vero
882 2078 915 2136 in
953 2079 1018 2154 ipso
1056 2075 1180 2156 Georgii
1257 2123 1258 2126 η

157 2187 245 2244 opere
274 2167 440 2243 complures
463 2186 583 2242 versus,
614 2167 722 2245 quibus
755 2168 870 2242 septem
899 2166 1003 2225 mundi
1031 2163 1183 2226 miracula
1257 2173 1259 2240 ,i

158 2249 378 2330 describuntur,
406 2253 458 2332 qui
480 2257 584 2314 utrum
607 2275 623 2315 c
645 2255 745 2331 Lydo,
775 2273 793 2314 a
817 2255 900 2315 cuius
930 2249 1007 2314 libro
1037 2274 1074 2315 ne
1107 2255 1182 2314 talis
1256 2315 1257 2326 ,

159 2343 279 2420 quidem
302 2344 443 2404 abhorret
465 2344 602 2420 materia,
633 2343 774 2420 exscripti
798 2343 858 2403 sint
881 2363 982 2420 necne,
1012 2339 1180 2404 diiudicare

157 2432 240 2490 nullo
264 2432 352 2491 modo
375 2451 546 2508 possumne,
571 2450 663 2510 quare
687 2449 746 2508 cos,
769 2452 806 2492 ne
830 2427 903 2509 quid
926 2431 1009 2492 dubii
1035 2429 1068 2492 in
1092 2433 1180 2492 editi-

159 2535 246 2580 onem
268 2521 441 2598 reciperem,
464 2523 559 2582 omisi.
606 2524 737 2583 ceterum
761 2539 880 2581 monere
909 2518 1015 2596 debeo,
1045 2543 1094 2582 mc
1118 2541 1179 2581 non

157 2609 239 2686 ipsos
271 2611 380 2671 adiisse
414 2607 539 2671 Cedreni
571 2612 702 2685 codices,
732 2610 784 2670 sed
813 2610 850 2670 iis
881 2613 1055 2670 contentum
1086 2611 1181 2671 fuisse

158 2699 347 2774 lectionibus,
371 2719 449 2777 quue
472 2701 510 2760 ab
534 2700 663 2761 editione
686 2693 837 2759 Bonnensi
862 2699 1044 2760 exhibentur.

226 2787 293 2847 Iam
310 2809 381 2848 vero
400 2791 542 2850 adeamus
565 2791 696 2848 alterum
709 2789 808 2848 virum
822 2788 952 2851 doctum.
973 2806 1062 2865 quem
1080 2792 1180 2866 posta-

160 2876 238 2935 riore
253 2879 387 2953 tempore
396 2878 517 2938 Ioannis
526 2878 604 2956 Lydi
618 2878 729 2936 librum
743 2877 921 2953 excerpsisse
937 2877 1026 2937 modo
1041 2877 1183 2953 diximus,

53 3005 66 3033 a
93 3004 144 3032 mus
160 2959 352 3025 Maximum
374 2967 581 3028 Planudem.
628 2965 770 3042 quicum
797 2966 876 3026 circa
903 2985 1016 3026 aunum
1041 2970 1128 3028 1300
1151 2989 1181 3044 p.

162 3051 230 3114 (ihr.
260 3075 288 3113 n.
321 3055 436 3114 variam
467 3060 602 3116 veterum
639 3058 794 3115 auctorum
831 3055 997 3114 doctrinam
1028 3057 1061 3114 in
1092 3075 1181 3116 usum

161 3163 247 3204 suum
280 3139 505 3219 conscriberet,1
535 3146 657 3221 praeter
687 3142 845 3202 Platonem
876 3144 1073 3204 Aristotelem
1103 3145 1180 3204 Pau-

161 3233 277 3293 saniam
290 3230 419 3292 Dionem
433 3234 506 3293 alios
526 3230 657 3310 optimae
676 3235 766 3293 notae
783 3235 918 3292 auctores
933 3253 970 3292 ne
984 3234 1180 3294 Laurentium

162 3323 282 3398 quidem
310 3323 501 3402 contempsit,
535 3344 550 3383 e
581 3323 663 3382 cuius
696 3321 838 3398 opusculo
871 3319 938 3404 περὶ
970 3323 1074 3401 μηνῶν
1106 3323 1180 3383 satis
1248 3362 1253 3387 .

237 3564 465 3637 ¹Krumbacher,
485 3564 583 3622 Gesoh.
604 3564 631 3618 d.
650 3563 712 3632 byn.
731 3559 814 3616 Litt.²
831 3581 858 3632 p.
879 3567 931 3616 544
950 3578 990 3631 sq.
