2556 3996
480 191 589 246 LIBER
606 191 728 246 ALTER
1068 191 1109 254 21

26 369 149 435 RrH‚3
195 357 225 420 4.
241 354 311 421 ’Ότι
326 353 444 442 οἱπερὶ
456 357 678 441 Ζωροάστρην
691 353 746 420 καὶ
757 355 941 439 ’Ῥοτάσπην
950 353 1112 420 Χαλδαῖοι
1126 363 1153 416 Y

87 461 151 528 καὶ
181 463 363 545 Αἰγύπτιοι
397 461 462 528 άπὸ
494 455 554 528 τδῦ
588 461 738 548 ἀριθμοῦ
765 473 833 527 τῶν
867 464 1045 546 πλανήτων
1076 460 1113 525 ἐν

90 569 258 656 ἑβδομάδι
281 571 339 647 τάς
360 568 484 656 ἡμέρας
506 568 679 653 ἀνέλαβον.
724 566 779 633 καὶ
802 569 864 650 τὴν
886 564 949 652 μὲν
975 569 1111 653 πρώτην
1124 577 1205 631 XYS

88 676 224 764 ἡμέραν
246 681 326 762 μίαν
350 676 386 742 ἐκ
408 686 466 760 τῆς
488 676 648 761 μονάδος,
677 674 747 741 ἀλλ’
772 675 813 741 οὐ
835 676 971 760 πρώτην
996 672 1113 757 ἕκτης

91 783 283 869 ἑβδομάδος
311 783 452 868 κλητέαν
480 784 563 848 κατά
592 784 671 882 τοὴς
699 785 958 868 Πυθαγορείους
988 767 1045 845 διά
1074 781 1111 844 τὸ
1140 802 1152 842 5

90 893 206 974 μόνην
229 885 315 956 εἶναι
337 888 394 955 καὶ
416 891 643 975 άκοινάνητον
664 900 738 965 ταῖς
756 891 880 966 άλλαις.
916 887 1029 973 πρώτη
1048 888 1112 972 γάρ

92 997 228 1081 λέγεται
255 997 274 1081 ἡ
302 979 520 1084 πρωτεύουσα
546 1009 614 1062 τῶν
642 995 711 1082 μετ’
739 997 858 1081 αὐτήν,
889 996 910 1080 ἡ
941 991 979 1060 δὲ
1009 995 1114 1079 μονάς

91 1105 220 1191 άμερὴς
243 1103 298 1169 καὶ
322 1103 525 1188 άμετάβολος
551 1103 606 1169 καὶ
634 1104 849 1187 αὐτοκίνητος
876 1100 931 1168 καὶ
957 1100 1114 1177 ὡσαύτως
1127 1107 1184 1164 XY

92 1209 233 1295 ἔχουσα·
256 1207 341 1296 ὑπὲρ
364 1209 512 1296 ἀριθμὸν
529 1211 593 1296 γάρ
613 1209 716 1276 ἐστιν·
740 1211 825 1276 ὥστε
846 1210 908 1275 οὐκ
927 1211 969 1275 άν
987 1234 1038 1285 τις
1055 1210 1113 1273 αὐ·
1127 1218 1153 1271 X

92 1319 158 1401 τὴν
181 1315 316 1383 καλέσοι
338 1318 483 1403 πρώτην,
506 1316 590 1382 ἀλλὰ
613 1320 707 1401 μίαν·
731 1313 810 1383 οὐδὲ
833 1319 897 1402 γάρ
921 1314 975 1381 ἐπὶ
997 1317 1114 1410 ἄρτιον
1129 1331 1154 1370 1⁰

93 1422 178 1492 οὐδὲ
209 1423 263 1489 ἐπὶ
293 1425 352 1489 τὸν
378 1425 534 1510 περιττὸν
562 1422 630 1489 οὔτ’
654 1422 702 1488 ἐπ’
731 1425 835 1490 ἄλλον
862 1424 938 1488 τινά
966 1422 1114 1509 ἀριθμὸν

93 1535 304 1619 μεθίσταται.
354 1531 490 1608 δικαίας
521 1530 563 1596 άν
592 1531 696 1596 αὐτοῦ
728 1532 789 1614 την
821 1531 967 1614 δύναμιν
999 1527 1109 1614 ἐπέχοι
1128 1543 1155 1596 Y

93 1649 159 1706 τοῦ
182 1636 365 1723 νοῦ,,ὅπέρ
390 1637 481 1702 ἐστιν
503 1637 635 1720 ἀγαθόν
657 1661 692 1702 τε
714 1635 769 1702 καὶ
791 1639 1057 1724 περιττόν,.ἰ’σον
1079 1659 1114 1700 τε

92 1745 154 1811 καὶ
184 1743 449 1832 πεπερασμένον,
481 1743 536 1809 καὶ
568 1756 639 1828 φῶς
671 1743 726 1809 καὶ
759 1745 845 1810 εὐθὺ
873 1742 928 1808 καὶ
960 1746 1113 1827 μόνιμον,

93 1855 202 1938 άρρεν
232 1876 268 1916 τε
300 1849 355 1916 καὶ
388 1850 506 1929 δεξιόν.
551 1861 633 1928 νοῦς
659 1853 723 1937 γάρ
757 1850 841 1934 ἐστι,
874 1849 979 1935 φησὶν
1011 1849 1028 1915 ὁ
1052 1874 1154 1934 μυ-ιιι

95 1959 212 2035 στικὸς
243 1961 355 2042 λόγος,
388 1957 552 2042 οὐσιάιδης
584 1958 601 2024 ὁ
635 1957 719 2036 άπαξ
756 1956 908 2022 ἐπέκεινα
935 1956 1046 2041 με’ναν
1077 1955 1114 2021 ἐν

94 2076 136 2152 τῇ
176 2063 297 2130 ἑαυτοῦ
330 2064 428 2152 οὐσία
459 2063 513 2130 καὶ
545 2065 628 2151 πρὸς
666 2063 785 2130 ἑαυτὸν
817 2062 1114 2150 συνεστραμμένος,

95 2172 201 2249 ἑστώς
219 2157 261 2274 τε,
272 2169 326 2236 καὶ
345 2171 463 2256 μένων.
499 2169 699 2258 ἀναφέρεται
718 2168 755 2236 δὲ
772 2171 793 2254 ἡ
812 2173 917 2256 μονὰς
936 2172 983 2246 εἰς
996 2167 1114 2234 Ἀπόλ-

94 2287 201 2360 λωνα,
224 2276 396 2352 τουτέστιν
415 2279 461 2354 εἰς
479 2279 538 2342 τὸν
561 2275 620 2342 ἕνα
630 2275 762 2360 Ἥλιον,
786 2276 823 2354 ὃς
836 2275 1007 2344 Ἁπόλλων
1026 2271 1115 2360 λέηεῖ

94 2411 152 2452 ται
175 2386 234 2449 διά
260 2385 297 2449 τὸ
326 2385 463 2448 ἄπωθεν
491 2379 576 2449 εἶναι
604 2395 672 2449 τῶν
698 2389 841 2449 πολλῶν.
886 2383 942 2449 καὶ
962 2383 1114 2468 Ῥωμαῖοι
1129 2412 1155 2451 ιο

95 2491 135 2558 δὲ
159 2491 264 2557 αὐτὸν
287 2493 400 2575 Σόλεμ
421 2493 495 2574 ἥτοι
517 2493 623 2575 μόνον
646 2489 789 2575 λέγουσι.

170 2667 196 2702 v.
214 2654 247 2703 16
267 2647 282 2702 ὁ
302 2647 377 2712 ἅπαξ
396 2645 525 2702 ἐπέκεινα
543 2647 622 2702 Kroll
642 2648 686 2702 Or.
707 2648 804 2702 chald.
823 2667 850 2718 p.
867 2655 900 2703 16

170 2797 226 2845 v.1
248 2787 290 2844 ὅτι
310 2789 337 2844 οἱ
355 2791 418 2858 περὶ
436 2789 491 2844 inc,
510 2790 595 2844 Marc.
615 2809 655 2860 gr.
676 2796 728 2843 320
743 2791 812 2860 (M),
832 2787 875 2844 ὅτι
890 2823 923 2830 —
939 2797 954 2844 3
974 2788 1113 2860 ἀνέλαβον

96 2865 203 2918 desunt
222 2863 254 2916 X
335 2866 351 2914 3
371 2862 419 2915 καὶ
441 2861 493 2930 τὴν
516 2859 567 2928 μὲν
589 2863 702 2930 πρώτην
724 2859 831 2931 ἡμέραν
855 2859 935 2930 μίαν,
959 2862 996 2924 ὡς
1018 2862 1067 2916 καὶ
1087 2860 1114 2915 οἱ

95 2931 297 3004 πυθαηόρειοι,
315 2935 448 2988 καλοῦσιν
462 2931 492 2986 ἐκ
505 2941 554 3002 τῆς
569 2931 700 3000 μονάδος,
719 2930 762 2986 ὅτι
776 2930 847 3002 μόνη
861 2934 911 2988 καὶ
924 2933 1114 3002 ἀκοινώνητος

95 3015 160 3068 ταῖς
170 3004 266 3067 άλλαις
279 3005 313 3073 Υ,
328 3001 371 3058 ὅτι
383 3001 435 3073 (ὅτι
450 3003 527 3057 omis.
540 3003 640 3072 Χ)τὴν
649 3005 761 3072 πρώτην
775 3001 882 3072 ἡμέραν
891 3001 1114 3073 μίανιιατδιτοδς

95 3074 309 3146 πυθαγορείους
331 3073 414 3144 (κατὰ
436 3075 501 3136 τοὺς
522 3071 731 3144 πυθαγορείους
752 3072 821 3143 μίαν
839 3075 874 3144 S)
896 3073 1015 3145 αλητέαν
1038 3077 1113 3142 (κλη-

95 3146 162 3203 τέον
187 3147 220 3218 S)
244 3143 303 3201 ἀλλ’
323 3147 357 3200 οὐ
379 3147 492 3215 πρώτην
515 3145 545 3199 ἐκ
563 3153 612 3215 τῆς
630 3143 755 3214 μονάδος
777 3144 944 3217 (ἑβδομάδος
962 3146 996 3216 S)
1015 3144 1064 3199 διδι
1082 3145 1113 3199 τὸ

97 3219 190 3290 μόνην
213 3215 286 3274 εἶναι
311 3218 360 3272 καὶ
385 3219 444 3286 (καὶ
468 3215 550 3270 'omis
571 3217 605 3286 S)
631 3216 823 3285 ἀκοινώνητον
849 3226 911 3279 ταῖς
938 3217 1035 3279 ἄλλαις
1058 3216 1116 3270 XS

97 3299 114 3345 6
134 3292 230 3359 πρώτη
248 3288 301 3360 γὰρ
320 3289 409 3358 ἡτῶν
427 3285 485 3357 μετ’
503 3287 591 3357 αὐτὴν
608 3287 788 3356 πρωτεύουσα
811 3289 840 3342 Y
908 3293 924 3342 8
944 3287 1114 3358 άμετάβολος

97 3365 152 3416 cet.
173 3362 230 3415 des.
245 3361 267 3415 S
337 3366 353 3414 9
368 3359 532 3430 ὑπάρχουσα
555 3360 600 3429 ΥΙ
617 3357 686 3425 ὑπὲρ
706 3357 831 3427 άρνδμδν
845 3391 879 3400 -
896 3365 928 3412 12
947 3356 1113 3427 μεθίσταται

97 3433 179 3487 omis.
195 3431 224 3486 Y
276 3437 308 3485 12
324 3427 632 3500 διιαίως--Ὴλέγουοι
642 3428 720 3484 omia
731 3431 763 3484 X
817 3436 849 3484 18
864 3428 950 3499 μένον
960 3431 1003 3500 M,
1023 3428 1113 3499 μένων

98 3521 168 3586 porr.
190 3505 228 3556 Μ
230 3549 275 3626 ‘M
304 3509 339 3556 20
358 3501 469 3557 άποθεν
489 3502 570 3572 OM!
587 3503 707 3572 πολλῶν]
726 3504 820 3556 πυλῶν
837 3502 905 3555 DE
980 3507 1012 3555 21
1032 3500 1114 3570 σόλεμ

97 3594 128 3628 1n
148 3591 218 3629 corr.
