2556 3996
196 188 239 253 52
559 185 671 241 LIBER
687 185 843 240 TERTIUS

91 360 201 415 XHPS
216 353 380 439 μελῳδίας
394 349 588 415 ἀποδίδωσι.
621 349 704 415 ἀλλὰ
723 350 789 434 μήν
806 347 862 414 καὶ
881 347 919 414 έν
932 346 1066 434 Ἀροίρει
1082 355 1213 434 ποταμβ

197 469 255 544 τής
282 463 454 542 Κελτικῆς,
484 463 613 543 μᾶλλον
641 453 678 522 tl
705 458 884 544 <Αίσιίρφ>
913 457 1114 540 Συβάρεως,
1146 477 1213 537 γεν-

198 576 295 632 νᾶται
319 567 433 651 ίχθύς,
460 568 603 630 κλοπίαν
626 561 663 629 δὲ
686 564 790 628 αὐτὸν
815 564 847 629 οἱ
871 561 1042 649 ἐπιχώριοι
1071 567 1213 628 καλοῦσι.

197 682 319 738 τοῦτον
337 671 494 755 λέγουσιν
518 668 744 755 αὐξανομένης
766 665 828 754 μὲν
851 678 909 753 τής
932 672 1072 754 σελήνης
1089 669 1213 734 λευκαί-

171 786 333 863 ενεσθαι,
361 782 578 863 μελαίνεσθαι
607 773 644 842 δέ
672 773 774 852 αὐθις
801 775 999 860 μειουμένης
1025 785 1086 841 τοῦ
1110 775 1213 859 φωτὸς

129 894 182 947 ΗΡ
199 887 308 969 αὐτῆς.
360 887 498 970 λστορελ·
514 881 552 949 δέ
578 893 678 949 τοῦτο
706 881 941 966 Καλλισθένης
968 882 986 948 ὁ
1019 885 1211 968 Συβαρίτης.

198 991 283 1057 ἀλλὰ
305 989 359 1056 καὶ
379 989 554 1077 Ἀρχέλαός
576 1007 659 1076 φησι
687 991 727 1056 τὰ
754 1002 822 1055 τῶν
849 1001 945 1074 μυῶν
966 989 1075 1072 ἡπατα
1098 989 1212 1072 λοβοὺς

199 1101 288 1183 ἔχειν
305 1098 550 1181 πεντεκαίδεκα,
570 1097 692 1174 οἵτινες
711 1095 772 1162 οὐκ
791 1095 915 1180 ἀθρόοι
933 1097 1054 1172 πάντες
1069 1095 1210 1178 έγγίνον·

198 1228 268 1289 ται,
301 1203 372 1270 ἀλλ’
405 1201 541 1281 ἕκαστος
572 1203 651 1269 καθ’
679 1201 806 1289 ἡμέραν
838 1203 1039 1287 σεληνιακὴν
1070 1193 1118 1278 είς
1148 1200 1210 1266 έπι-

160 1333 185 1371 10
199 1313 375 1396 γινόμενος
399 1311 431 1390 ἐξ
451 1312 512 1376 οὐκ
531 1313 629 1387 ὄντος
646 1315 865 1396 προστίθεται
883 1309 947 1374 ἀπὸ
967 1317 1024 1391 τῆς
1042 1311 1210 1393 νεομηνίας

199 1417 295 1504 μέχρι
317 1428 375 1501 τὴς
396 1420 622 1501 πανσελήνου,
650 1418 752 1482 πάλιν
775 1413 812 1482 δὲ
827 1415 900 1507 Ιίιπὸ
929 1425 987 1500 τὴς
1009 1417 1208 1498 πανσελήνου

198 1517 246 1602 εἷς
265 1524 315 1610 ἐφ’
344 1522 395 1590 ἑνὶ
417 1522 495 1589 καθ’
529 1522 655 1610 ἡμέραν
683 1527 820 1608 φθίνων
849 1523 948 1606 λοβὸς
976 1523 1098 1598 πάντες
1123 1519 1208 1606 μέχρι

198 1641 256 1715 τὴς
278 1634 456 1716 νεομηνίας
484 1630 683 1696 ἐκλείπουσι.
729 1627 785 1695 καὶ
817 1625 919 1706 αὐθις
952 1627 985 1707 ἐξ
1013 1628 1137 1712 ἐκείνης
1157 1628 1208 1711 ίίρ-

270 1843 294 1878 v.
311 1830 325 1878 λ
345 1822 513 1878 Archelaus:
532 1822 566 1878 fr.
582 1828 616 1876 10
635 1823 834 1877 Westermann
852 1821 1045 1891 Paradoxogr.
1065 1839 1106 1891 gr.
1123 1839 1147 1890 p.
1162 1823 1207 1872 160

200 1894 367 1950 Callistheni
399 1893 548 1964 Sybaritae
585 1893 616 1948 ἐν
653 1892 693 1965 ιγ’
728 1897 891 1948 Γαλατικῶν
926 1893 999 1946 haer
1035 1893 1132 1946 eadem
1164 1888 1207 1944 tri-

199 1967 263 2021 buit
284 1968 328 2021 Ps.
348 1966 421 2020 Plut.
446 1966 481 2019 de
506 1964 598 2018 fluviis
622 1982 645 2019 ο.
665 1971 726 2033 6,3
836 1965 940 2032 rLyd.
964 1963 999 2016 da
1023 1965 1075 2018 ost,
1098 1982 1124 2033 p.
1139 1967 1205 2029 16,1

189 2038 355 2093 ‘Waahsma
374 2037 392 2107 ἡ
411 2035 443 2091 δὲ
462 2034 627 2107 ἡλιύτροπος
645 2033 801 2104 καλουμένη
821 2034 927 2107 βοτοίνη
946 2034 1017 2102 πρὸς
1035 2034 1087 2103 τὴν
1100 2032 1205 2104 ἡλιακὴν

199 2106 416 2178 μεταστρέφεται
439 2107 546 2177 φοροίν,
570 2105 714 2178 ἀνίσχοντι
737 2107 812 2178 αὐτῷ
834 2107 883 2160 καί
908 2103 1034 2178 δυομένῳ
1058 2123 1206 2174 συμμετακ-

199 2185 284 2235 θελσα
302 2180 334 2234 τὸ
354 2188 452 2250 σχῆμα.
489 2180 554 2247 περὶ
577 2177 631 2249 γὰρ
654 2188 709 2234 τῶν
733 2175 851 2232 έναλίοιν
869 2176 990 2244 τούτων,
1014 2174 1131 2244 ὀστρέων
1146 2173 1205 2262 λέρυ

199 2252 248 2305 καὶ
267 2261 361 2322 χημῶν
381 2252 429 2305 καὶ
447 2260 552 2305 κτενῶν
570 2250 693 2305 καὶτῶν
712 2249 810 2316 ἄλλων,
834 2249 928 2310 οὐδεὶς
947 2246 1152 2320 ἀμφισβητήσει,
1170 2263 1205 2299 οτι

200 2322 314 2387 αὐξεται
332 2323 381 2376 καλ
401 2319 555 2390 συμφθίνει
572 2330 635 2383 ταῖς
654 2325 832 2390 σεληνιακαῑς
850 2319 977 2388 φοίσεσιν,
997 2319 1033 2381 ὡς
1052 2320 1101 2373 καί
1114 2317 1145 2372 rol
1157 2326 1203 2371 τῶν

200 2403 278 2462 μυῶν
300 2391 395 2464 ἥπατα
418 2394 465 2448 καί
489 2395 603 2447 πλεῖστα
626 2390 718 2461 ἕτερα,
741 2392 806 2459 περί
830 2386 869 2445 ὦν
892 2389 923 2445 έν
946 2398 1006 2452 τοῖς
1028 2391 1093 2457 περὶ
1110 2393 1205 2458 Μηνῶν

200 2473 349 2535 γραφεῖσιν
366 2464 434 2533 ἡμῖν
453 2462 626 2535 διελοίβομεν.

272 2659 296 2696 v.
313 2648 327 2695 1
347 2642 477 2696 ἀποτελεῖ
494 2642 540 2712 Pl
562 2639 668 2709 αίσοίρα
686 2650 802 2709 ποταμῶ
821 2641 866 2709 ΡΙ
886 2637 1070 2708 καλλισθένης
1088 2636 1120 2692 δὲ
1138 2637 1151 2690 ὁ
1167 2653 1204 2690 συ-

202 2710 317 2784 βαρίτης
340 2713 444 2782 ἱστορεῖ
466 2711 509 2766 ὐτι
532 2711 563 2767 έν
583 2717 621 2766 τῶ
645 2711 736 2781 ἀροίρη
756 2716 871 2780 ποταμώ
890 2719 939 2780 τὴς
957 2714 1083 2779 κελτικῆς
1100 2707 1202 2763 τίκτεται

202 2784 286 2854 ίχθύς
303 2787 359 2838 κτλ.
374 2785 401 2852 S,
424 2785 473 2838 καὶ
492 2783 522 2838 έν
536 2782 636 2853 ἀροίρει
654 2782 686 2838 δὲ
704 2793 742 2838 τῶ
760 2787 876 2851 ποταμώ
894 2791 944 2850 τῆς
962 2785 1088 2850 κελτικῆς
1100 2778 1203 2834 τίκτεται

202 2856 295 2926 ἰχθύς,
318 2853 444 2909 κλωπίαυ
463 2853 592 2925 (κλοπίαν
612 2856 656 2925 Χ)
680 2854 767 2908 αὐτὸν
791 2853 818 2908 οἱ
842 2853 985 2925 ἐπιχώριοι
1008 2849 1153 2923 (ἐγχλορίας
1168 2849 1203 2914 Η)

201 2930 343 2995 καλοῦσιν,
358 2925 389 2989 ὃς
403 2924 558 2996 αὐξομένης
570 2935 620 2996 τῆς
633 2925 748 2995 σελήνης
762 2925 856 2980 XHS
922 2930 938 2977 2
953 2923 1107 2996 <Αίσοίρφ>
1122 2917 1203 2976 addidi

202 3005 218 3052 3
235 2998 406 3067 καλούμενος
419 2995 536 3060 κλοπίας
549 2998 578 3051 Ρ
648 3003 663 3051 5
678 2996 774 3059 λευκὸς
788 2993 905 3066 γίνεται,
919 2991 1084 3064 μειουμένης
1097 2993 1137 3064 (δέ
1150 2990 1203 3076 HS)

201 3067 360 3139 μελαίνεται
375 3069 474 3137 XHS,
492 3067 603 3138 reliqua
616 3067 700 3121 huius
714 3066 886 3137 paragraphi
901 3067 1004 3120 desunt
1018 3066 1085 3133 XS,
1105 3066 1169 3134 φασί
1180 3063 1202 3115 δε

92 3190 95 3201 ,
201 3143 250 3195 καί
268 3140 304 3194 τὰ
322 3151 379 3196 τῶν
397 3150 475 3209 μυῶν
493 3138 588 3209 ἡπατα
606 3140 706 3211 λοβοὺς
725 3138 797 3210 ἔχειν
816 3135 1027 3205 πεντεκαίδεκα,
1046 3133 1086 3192 ὧν
1105 3135 1202 3191 ἕκαστον

201 3211 272 3267 καθ’
299 3210 406 3281 ἡμέραν
429 3211 567 3276 αὐξεσθαι
591 3213 642 3266 οὐν
664 3219 698 3280 τῆ
720 3219 770 3279 τῆς
792 3208 907 3278 σελήνης
930 3207 1057 3276 αὐξήσει,
1081 3208 1162 3263 πάλιν
1180 3201 1203 3257 δέ

202 3284 259 3337 ἀπὸ
277 3283 453 3350 πανσελήνου
471 3280 541 3337 καθ’
564 3280 671 3352 ἡμέραν
689 3279 740 3336 ἕνα
757 3281 842 3353 λοβὸν
861 3277 979 3350 φθίνειν
998 3277 1077 3370 μέχρι
1095 3288 1143 3349 τῆς
1157 3295 1202 3333 νεο-

202 3351 317 3424 μηνίας,
341 3352 418 3417 τέλος
436 3351 467 3408 δὲ
485 3353 595 3416 πάντας
613 3350 816 3423 ἀφανίζεσθαι,
837 3352 885 3407 καὶ
904 3349 976 3406 οὐτω
994 3353 1079 3405 παλιν
1098 3350 1152 3405 ἀπὸ
1167 3354 1203 3414 τῆς

202 3425 353 3496 νεομηνίας
372 3425 517 3492 αὐξεσθαι.
554 3425 590 3479 τὰ
608 3423 680 3479 αὐτὰ
694 3421 731 3478 ’δέ
754 3441 842 3493 φασιν
865 3425 914 3478 καί
931 3421 967 3476 τύι
985 3431 1040 3477 τῶν
1058 3417 1202 3476 θαλασσίαν

204 3493 303 3567 ἐχίνων
322 3498 363 3553 ὠὰ
381 3497 500 3569 πάσχειν
518 3500 555 3567 (p.
571 3503 614 3566 53,
625 3501 652 3566 5)
666 3497 701 3550 H
704 3521 710 3565 ς
730 3495 836 3550 similes
853 3495 939 3550 huius
958 3493 1131 3564 paragraphi
1146 3496 1201 3547 trar-

203 3570 281 3623 tatus
292 3569 426 3624 exhibent
436 3569 546 3625 codices
561 3569 728 3641 complures,
742 3569 777 3624 de
791 3567 895 3638 quibus
909 3566 1006 3622 videas
1015 3564 1201 3636 praefationem
1260 3621 1261 3634 ἡ
