2524 3984
75 211 78 219 ·
148 191 239 247 xvm
558 189 764 246 PRAEFATIO

149 359 305 420 sententiis
337 359 373 418 de
406 377 496 418 causa
528 359 750 435 exundationis,
788 359 886 436 qualis
922 359 977 435 sit,
1015 358 1169 436 desperat:

149 449 282 509 ποικίλαι
306 443 359 526 μὲν
383 437 438 507 cdv
461 447 494 506 αί
518 445 585 527 περί
613 446 705 508 αὐτοῦ
733 446 830 524 δόξαι,
856 446 890 508 τὸ
915 440 943 508 d'
959 443 1071 525 ἀληθὲς
1093 447 1169 508 πατὰ

150 536 220 609 τοὺς
242 533 424 615 ἀνθρώπους
447 533 517 609 τέως
545 535 680 613 οὐδαμοῦ
703 529 745 618 (p.
772 539 844 613 147,
856 529 899 618 3).
945 536 1076 596 Parisini
1096 557 1168 597 vero

149 625 259 686 codicis
289 628 395 684 auctor
423 625 561 702 Augusto
592 644 693 685 mense
725 625 906 701 adscriptam
938 626 1170 686 exundationem

150 714 314 775 secundum
336 714 540 773 Hebraeorum
562 731 678 774 sacram
701 715 880 790 scripturam
904 715 1034 791 explicat
1057 715 1168 775 additis

148 804 248 864 verbis
265 824 294 879 p.
309 804 361 878 43,
371 805 413 863 20
423 803 514 862 Treu:
533 808 594 876 τοῖς
613 799 645 864 δὲ
663 801 697 863 τά
716 812 768 882 τῆς
785 812 904 884 γραφῆς
923 800 1066 864 ἀσκοῦσιν
1080 803 1167 864 οὐδε·

149 892 221 970 μίαν
239 891 328 952 τίκτει
341 889 522 972 ἀμφιβολίαν
542 936 592 952 ...
612 894 642 953 οἱ
655 890 709 973 γὰρ
724 890 764 970 μὴ
784 901 875 952 ταῦτα
888 890 954 972 περὶ
968 891 1060 954 αὐτοῦ
1079 892 1167 965 δοξά-

151 983 250 1053 ζοντες
272 980 314 1053 εἰς
338 981 446 1060 μορίας
468 979 658 1059 ἐμπίπτοντες
681 977 806 1059 ἀπορίας
830 977 971 1059 μίνονσιν
994 977 1049 1053 ἕως
1067 980 1169 1054 τέλους

152 1079 205 1147 της
227 1067 371 1147 ἀληθείας
390 1067 651 1147 ἀποπλανώμενοι,
675 1089 752 1146 quae
776 1069 887 1146 abiis,
911 1089 988 1146 quae
1010 1070 1097 1131 modo
1121 1075 1168 1130 at-

149 1159 278 1218 tulimus
308 1159 386 1236 Lydi
417 1158 515 1218 verbis
546 1161 611 1218 toto
645 1159 726 1219 caelo
759 1159 877 1218 diversa
909 1161 986 1218 sunt.
1032 1162 1169 1219 attamen

149 1247 239 1308 huius
271 1267 390 1325 quoque
420 1248 528 1307 codicis
559 1248 586 1306 R
617 1247 800 1324 paragraphi
835 1247 984 1324 particula
1020 1249 1169 1324 quaedam

149 1337 312 1396 Laurentio
336 1337 469 1396 debetur.
514 1337 703 1397 consentiunt
730 1335 810 1395 enim
833 1356 968 1414 eaquae
991 1337 1170 1396 exhibentur

150 1426 189 1484 ab
212 1426 265 1484 illo
288 1447 317 1502 p.
341 1427 423 1499 43‚2
449 1417 533 1498 οὗτος
558 1422 574 1485 ὁ
593 1421 705 1504 Ἴστρος
730 1458 771 1466 -
796 1427 898 1501 43,11
924 1425 1094 1506 Δανούβιος
1117 1449 1169 1504 με·

151 1511 310 1592 ταιιληθείς
333 1533 400 1573 cum
422 1514 468 1588 iis,
492 1534 570 1590 quae
594 1517 783 1590 exponuntur
805 1533 824 1573 a
847 1515 1010 1576 Laurentio
1034 1515 1069 1574 de
1086 1535 1168 1592 mag.

150 1604 206 1680 ΠΙ,
226 1605 277 1679 32,
301 1622 438 1679 quaeque
461 1622 479 1662 a
502 1621 534 1663 se
556 1603 674 1662 narrari
697 1603 855 1663 confitetur
878 1607 983 1664 auctor
1005 1603 1169 1664 secundum

152 1687 373 1771 Σαμω<νι>κὸν
395 1690 447 1751 τὸν
467 1683 610 1770 Ῥωμαῖον
632 1690 787 1772 ἱστορικόν,
811 1688 844 1764 ὃς
861 1691 936 1771 πρὸς
953 1691 1170 1770 Διοκλητιανὸν

150 1779 201 1841 καί
216 1776 358 1859 Γαλὲριον
372 1779 424 1840 τὸν
438 1777 559 1859 γέροντα
573 1778 639 1860 περὶ
656 1780 798 1841 ποικίλων
816 1781 989 1859 ζητημάτων
1008 1776 1170 1860 διελέχθη.1

152 1871 213 1929 iam
233 1888 303 1928 vero
327 1869 352 1928 si
375 1869 552 1945 quaerimus,
576 1873 677 1928 utrum
694 1870 891 1929 Laurentium
909 1889 948 1929 an
965 1871 1064 1947 ipsum
1083 1870 1168 1930 Sam·

152 1958 302 2019 monicum
333 1957 441 2017 adierit
471 1958 610 2018 librarius
643 1959 750 2019 codicis
781 1959 924 2035 Parisini,
958 1978 1012 2037 ego
1045 1960 1169 2035 quidem

151 2050 237 2124 huno,
267 2047 350 2123 quali
374 2066 442 2106 eum
469 2046 588 2125 ingenio
618 2047 709 2106 firisse
738 2049 831 2124 patet,
862 2067 922 2107 non
946 2047 1169 2108 Sammonicum

152 2136 314 2214 inspexisse
329 2155 452 2211 sumam,
469 2136 640 2196 rarissimae
653 2139 743 2195 notae
757 2139 917 2213 auctorem,
931 2135 983 2196 sed
996 2136 1169 2213 Lydianum

149 2226 260 2284 librum
282 2225 318 2283 de
341 2225 575 2303 magistratibus,
598 2227 633 2283 ut
656 2225 683 2283 ei
707 2228 772 2284 erat
793 2224 973 2285 Laurentius
995 2227 1168 2286 familiaris·

150 2315 250 2374 simus.
298 2333 375 2390 quae
406 2314 431 2372 si
461 2313 676 2388 conceduntur,
707 2314 766 2374 alio
797 2335 812 2373 e
843 2315 925 2373 fonte
955 2334 1091 2375 manasse
1122 2335 1169 2390 ea,

151 2422 229 2480 quae
252 2403 410 2477 desumpta
429 2405 499 2461 sunt
517 2422 533 2461 e
552 2421 636 2462 sacra
655 2403 811 2479 scriptura,
835 2406 973 2479 apparet,
996 2404 1168 2480 iterumque

149 2493 294 2567 videmus,
318 2491 465 2550 cautiores
489 2509 543 2551 nos
562 2510 624 2550 esse
643 2491 748 2550 debere
766 2491 799 2550 in
816 2492 1003 2551 vindicandis
1021 2493 1168 2569 reliquiis,
1259 2501 1260 2514 ¹

150 2600 226 2657 quae
246 2600 264 2640 a
283 2580 383 2639 codiee
401 2580 428 2638 R
446 2584 612 2656 servantur,
636 2581 748 2656 quippe
767 2580 820 2657 qui
838 2585 958 2656 praeter
970 2581 1169 2640 Laurentium

150 2663 227 2729 alios
250 2688 369 2747 quoque
397 2668 565 2728 adhibuerit
592 2673 741 2729 auctores:
770 2670 846 2729 hanc
874 2670 996 2745 quidem
1023 2689 1167 2748 paragra·

150 2760 244 2836 phum
267 2778 282 2817 e
305 2759 381 2817 libro
405 2758 441 2816 de
464 2758 613 2817 mensibus
635 2759 763 2834 petitam
790 2778 850 2817 non
878 2778 941 2818 esse
967 2777 1022 2834 pro
1046 2759 1167 2818 demon-

151 2850 245 2908 strato
264 2848 326 2906 iam
347 2838 470 2907 habeo²

216 2936 282 2995 Iam
304 2935 390 2995 finita
413 2935 621 3012 disquisitione
644 2937 679 2994 de
699 2935 833 3011 Lydiano
856 2935 932 2995 libro
956 2935 991 2994 de
1015 2936 1168 2994 mensibus

151 3026 272 3102 eiusque
296 3026 491 3100 epitomatore
509 3025 646 3083 Parisino
670 3025 753 3084 brevi
776 3028 934 3100 conspectu
957 3025 1108 3084 illustrare
1128 3025 1167 3082 li-

151 3117 226 3190 ceat,
251 3133 396 3190 quasnam
419 3114 527 3173 codicis
546 3113 573 3170 R
590 3117 692 3190 partes
716 3133 752 3172 ex
773 3113 826 3173 ilic
846 3113 995 3172 derivatas
1014 3132 1077 3172 esse
1097 3133 1167 3174 oon-

151 3206 219 3280 stet,
238 3207 268 3262 et
286 3202 339 3262 ubi
358 3202 457 3261 casin
477 3202 606 3262 editione
625 3203 720 3279 possis
734 3203 871 3280 reperire.
898 3205 967 3262 sunt
981 3205 1082 3262 autem
1094 3204 1168 3262 hae:

151 3341 365 3352 ,.-...----

226 3427 235 3457 ¹
254 3424 508 3481 Teuffel-Schwabe
525 3431 594 3480 rom.
613 3424 681 3480 Litt.
701 3424 800 3479 Gesch.
819 3431 834 3491 ς
854 3430 948 3494 374,4.

225 3496 236 3528 ²
259 3514 293 3552 ea
318 3514 391 3566 quae
413 3497 497 3550 finem
518 3495 601 3550 huius
624 3495 796 3568 paragraphi
818 3496 928 3550 faciunt
950 3515 976 3566 p.
997 3501 1166 3564 44,10-21

151 3568 303 3622 Laurentio
323 3571 399 3623 certo
416 3583 469 3622 nec
487 3567 609 3622 tribuere
628 3566 719 3622 audeo
737 3583 828 3636 neque
847 3566 1018 3622 abiudicare.
