2530 3988
185 192 250 257 184
300 191 436 247 FRAGM.
455 191 572 245 LIBRIS
591 191 640 246 DE
658 191 766 247 MENS.
786 193 901 248 FALSO
921 193 1079 248 TRIBUTA
1235 242 1236 308 χ

144 366 170 420 Α
185 355 439 441 ἀπεργάζονται,
468 355 548 440 ὅπερ
576 357 700 440 βροντὴ
728 355 872 440 λέγεται,
901 359 1010 443 ὥσπερ
1040 357 1076 423 έν
1101 357 1184 422 ὕδατι

185 472 315 547 πνεῦμα
330 464 485 549 σφοδρῶς
504 461 741 547 ε’λαυνόμενον·
762 465 844 528 κατὰ
864 460 900 528 δέ
918 465 981 547 τὴν
999 474 1059 530 τοῦ
1077 463 1185 548 νέφους

185 568 318 654 έκρηξιν
340 566 501 655 πυρωθὲν
523 570 560 634 τὸ
583 578 715 653 πνεῦμα
737 571 872 653 λόμφαν
894 569 1045 656 ἀστραπὴ
1064 570 1185 654 λέγεται.
1236 592 1237 684 χ

143 686 169 739 Y
250 675 272 740 5
296 684 379 752 (179).
403 673 473 740 Ὅτι
499 677 729 761 Φεβρουάριος
756 679 933 760 φθονήσας
955 680 1113 765 Καμίλλῳ
1131 685 1237 744 ᾱοοαλυ

158 809 170 848 5
184 782 324 868 μελέτην
332 784 533 868 τυραννίδος
542 781 647 846 αὐτοῦ
656 785 873 868 κατηγόρησε·
882 793 944 848 τοῦ
954 780 991 848 δὲ
1001 783 1187 869 διωχθέντα

185 887 240 954 καὶ
273 885 375 966 αὖθις
401 891 553 954 καθόδου
583 891 757 974 τυχόντος,
790 889 840 954 ὅτι
870 890 1132 977 πολιορκουμένῃ
1156 901 1186 976 τῇ
1237 940 1238 984 ,

185 998 320 1080 πατρίδι
343 997 425 1060 κατὰ
447 997 509 1079 τὴν
531 997 646 1080 φυγὴν
671 995 867 1080 ἐβοήθησεν,
895 997 942 1073 εἰς
966 996 1114 1075 ἐξέτασιν
1136 1002 1186 1062 Φε-
1237 1019 1238 1024 ’

185 1104 367 1188 βρουόριος
393 1105 507 1186 ἄγεται
530 1102 585 1168 καὶ
613 1104 781 1187 διώκεται,
808 1106 979 1188 Κάμιλλος
1005 1101 1043 1170 δὲ
1066 1104 1187 1170 καὶτὸν

187 1207 376 1294 ἐπώνυμον
391 1209 495 1274 αὐτοῦ
522 1219 610 1294 μῆνα
636 1212 725 1295 παρὰ
754 1213 833 1287 τοὺς
860 1212 984 1288 ἄλλους
1012 1211 1186 1295 ἐκολόβωσε.

146 1327 168 1380 Ρ
251 1317 271 1380 6
291 1324 374 1392 (180).
396 1315 483 1381 Φασὶ
500 1319 563 1403 γὰρ
583 1319 643 1401 τὴν
657 1316 805 1401 Νέμεσιν
823 1319 863 1382 τότ
882 1320 1039 1404 γλαφυρὰ
1054 1331 1119 1384 τῶν
1131 1290 1239 1381 deesthi

147 1452 172 1490 11
186 1424 388 1508 πραγμάτων
420 1425 467 1500 εἰς
497 1424 534 1488 τὸ
567 1425 709 1507 ἔμπαλιν
740 1422 873 1509 τρέπειν
904 1433 977 1500 ταῖς
1002 1423 1187 1510 ὑπερβολαῖς

186 1538 244 1613 τῆς
271 1531 385 1614 τύχης,
418 1532 463 1607 ὥς
490 1547 573 1614 φησι
597 1532 807 1615 Νουμήνιος,
839 1538 885 1617 api
913 1526 951 1596 δὲ
978 1530 1069 1619 αὐτῷ
1094 1537 1185 1616 τροχςῖ

186 1637 248 1720 τὴν
272 1638 406 1721 ἰσότητα
429 1636 628 1721 ἐπάγουσαν,
654 1637 737 1702 ὅθεν
759 1637 777 1702 ὁ
801 1638 1004 1721 Μεσομηδης
1028 1637 1112 1702 οὕτω
1133 1659 1187 1700 που
1239 1640 1240 1726 λ

186 1744 269 1828 πρὸς
292 1743 410 1827 αὐτην·
1239 1739 1240 1748 ’

147 1897 172 1937 15
196 1874 201 1882 '
392 1869 458 1934 ὑπὸ
482 1870 543 1934 σὸν
565 1871 687 1954 τροχὸν
710 1871 853 1935 ἄστατον
875 1869 993 1953 ἀστιβῆ

302 2067 303 2070 ¹
393 1977 522 2060 χαροπὰ
544 1979 700 2061 μερόπων
723 1975 896 2061 στρέφεται
919 1977 1010 2060 τύχα.

259 2187 284 2222 v.
305 2175 338 2222 13
358 2167 531 2222 Mesomedes
549 2168 643 2237 hymn.
662 2167 692 2221 in
710 2167 843 2222 Nemesin
861 2187 885 2222 v.
901 2173 925 2222 7.
941 2173 957 2220 8

261 2352 346 2413 §179
366 2363 381 2400 e
405 2345 549 2399 codicibus
574 2345 744 2401 recensionis
767 2347 796 2399 Y
816 2346 906 2400 edidit
929 2349 959 2400 et
980 2346 1053 2400 libro
1073 2347 1106 2399 dc
1122 2360 1185 2398 men-

189 2418 266 2472 sibus
285 2417 439 2471 vindicavit
451 2417 485 2471 H.
500 2417 597 2486 Haupt
610 2418 703 2472 Herm.
719 2417 782 2471 XIV
800 2437 827 2488 p.
843 2423 903 2486 296,
922 2434 979 2486 qua
998 2419 1033 2472 de
1051 2434 1081 2472 re
1099 2413 1184 2470 dixiin

188 2488 372 2558 praefatione.
445 2507 469 2542 v.
485 2495 501 2542 6
519 2485 561 2551 οἷς
580 2489 613 2556 Υ,
633 2487 677 2543 ὅτι
690 2488 790 2558 scripsi
806 2493 809 2559 Ι
825 2487 1063 2559 πολιουρκονμένη
1078 2490 1109 2556 Υ,
1122 2485 1185 2555 quod

190 2559 296 2614 correxi
370 2565 384 2612 7
404 2558 435 2614 δὲ
455 2559 548 2615 έταοιν
571 2561 605 2628 Υ,
624 2557 747 2624 ἐξέτασιν
766 2560 903 2629 temptavi
975 2566 991 2614 9
1011 2560 1140 2632 κολόβωσε
1157 2555 1184 2621 Υ,

189 2631 265 2700 quod
284 2630 391 2685 correxi
463 2637 478 2697 ξ
498 2637 549 2684 180
569 2631 672 2687 ἐκτῶν
691 2631 819 2699 ἱστοριῶν
843 2641 875 2687 ιῶ
894 2640 944 2686 τοῦ
968 2627 1187 2704 φιλαδελφέωςλῖ

188 2702 208 2758 f.
224 2707 291 2756 100v
307 2702 430 2771 (Cramer
443 2702 547 2756 Anecd.
563 2703 624 2757 Par.
637 2703 658 2770 Ι,
673 2706 744 2772 406),
759 2719 844 2772 quam
858 2703 1068 2772 paragraphum
1081 2702 1185 2756 rraetm

188 2774 219 2827 in
237 2773 451 2844 prolegomenis.
525 2779 558 2827 13
578 2771 725 2843 μεσοδίκης
743 2775 777 2842 Ρ,
796 2791 865 2828 corr.
885 2773 998 2828 Cramer
