2524 3984
151 195 242 250 XXVI
553 193 759 249 PRAEFATIO

152 363 233 423 cordi
263 362 334 439 fuit,
364 362 451 422 bodie
482 382 600 440 quoque
631 363 853 438 dissereremus,
883 362 941 421 nisi
968 362 1052 422 vario
1080 362 1174 424 modo

151 452 308 529 inscriptio
331 453 394 511 eius
417 451 531 511 tradita
553 455 639 512 esset
680 471 751 511 nam
773 454 894 528 praeter
916 451 983 511 illos
1007 451 1133 528 codices,
1154 471 1174 512 a

153 540 260 618 quibus
289 543 324 600 ut
354 560 372 600 a
395 540 495 600 codice
517 540 545 599 R
566 560 629 601 una
658 560 725 600 cum
753 541 877 617 reliquis
901 539 1056 600 Laurentii
1086 541 1172 620 frag-

151 630 259 690 mentis
283 629 347 689 sine
370 630 431 689 ullo
455 630 584 689 auctoris
607 631 727 689 nomine
754 629 908 709 generatio
930 629 1059 689 hominis
1083 649 1171 689 enar-

150 721 245 795 ratur,
260 719 312 778 alii
326 721 405 794 sunt,
419 719 450 778 in
469 718 576 820 quibus
595 719 675 778 solus
693 738 747 795 per
765 737 796 778 se
815 721 953 778 exaratus
968 719 1008 778 sit
1020 721 1174 780 tractatus

150 809 201 868 ille
230 811 260 867 et
287 807 509 868 adscribatur
500 828 533 866 m
559 808 694 886 margine
728 807 859 867 auctoris
891 826 1000 866 nomen
1031 809 1172 868 Σπλινοῦ

147 890 211 978 (ita
238 897 333 973 Neap.
355 896 387 954 Π
415 895 437 956 0
462 893 517 974 33)
552 898 600 956 vel
629 896 786 974 Στοληνὶου
818 893 987 973 φιλοσόφου
1020 889 1174 977 (Vindob.

150 985 241 1045 theol.
266 977 355 1093 207),
378 988 432 1044 aut
452 985 569 1064 Λιβανί
568 1007 604 1046 ου
627 983 796 1063 φιλοσόφου
819 980 900 1062 (Par.
924 1005 967 1063 gr.
987 977 1089 1067 2894)
1113 989 1174 1046 aut

152 1075 280 1151 denique
317 1066 458 1134 Ἰωάννου
500 1082 553 1135 τοῦ
590 1077 792 1153 Δαμασκηνοῦ
833 1069 962 1151 (Monac.
998 1094 1041 1152 gr.
1078 1068 1175 1156 498),

152 1183 278 1240 quorum
306 1163 395 1241 longe
424 1163 597 1239 saepissime
628 1163 756 1223 occmrit
782 1162 938 1241 Σοτληνίου
969 1183 1090 1239 nomen,
1123 1164 1175 1224 ita

151 1255 186 1311 ut
214 1251 326 1326 Spleoic'
354 1252 403 1312 vel
432 1251 541 1326 Splc‘cic'
574 1270 683 1311 nomen
717 1252 860 1328 adeptum
895 1252 935 1310 eit
964 1252 1173 1329 fingmentum

150 1341 226 1400 illud
252 1340 332 1400 inter
357 1341 437 1401 viros
465 1340 575 1401 doctos.
622 1343 712 1417 atque
738 1341 795 1400 hoc
822 1339 943 1417 quidem
969 1359 1077 1400 nomen
1106 1360 1174 1401 cor·

105 1505 110 1511 .
150 1432 273 1506 ruptum
302 1448 365 1490 esse
391 1449 426 1488 ex
450 1429 480 1489 S.
508 1431 628 1490 Plinius
654 1448 708 1506 pro
738 1429 769 1490 0.
796 1430 915 1490 Plinius
942 1429 1069 1490 coniecit
1096 1430 1174 1489 olim

152 1518 328 1578 Lambecius
361 1511 480 1600 (comm.
513 1519 549 1577 de
581 1519 652 1578 bibl.
685 1517 766 1578 Caes.
800 1518 836 1594 V,
864 1510 935 1600 26);
968 1519 1064 1578 denno
1095 1518 1176 1580 haec

152 1609 289 1685 quaestio
307 1609 390 1667 mota
409 1610 463 1684 est,
486 1626 553 1667 cum
572 1608 605 1666 E.
620 1607 723 1667 Rohde
743 1606 869 1667 eundem
886 1608 1050 1666 mactatum
1068 1607 1176 1668 ederet

152 1716 167 1757 e
187 1697 286 1757 codice
304 1695 477 1756 Vaticano
497 1716 624 1776 graeco
646 1699 686 1755 12
705 1696 737 1755 in
756 1696 840 1756 Actis
859 1714 917 1756 soc.
936 1696 1038 1772 philol.
1057 1695 1174 1772 Lipsl

151 1807 180 1862 p.
205 1789 260 1860 283
288 1785 451 1846 dissensere
479 1785 585 1845 deinde
612 1785 649 1845 de
682 1784 855 1862 explicando
888 1785 1007 1845 nomine
1039 1783 1072 1842 1..
1095 1785 1175 1844 Din-

152 1874 262 1934 dorfius
286 1870 403 1951 (Jahrb.
419 1877 502 1935 1871
524 1895 552 1951 p.
569 1867 648 1958 331)
663 1878 694 1933 et
711 1875 775 1951 ipse
793 1873 927 1934 Rohdius
947 1865 1064 1956 (Jahrb.
1081 1876 1170 1935 1871

151 1984 179 2040 p.
196 1965 268 2023 577.
288 1964 355 2023 Act.
370 1983 427 2024 eoo.
442 1963 514 2041 phil.
529 1963 610 2041 Lips.
623 1963 661 2040 V,
672 1957 761 2043 306),
779 1965 845 2022 tum
866 1962 962 2022 fusius
980 1962 1173 2039 disputatum

151 2055 197 2112 est
220 2053 256 2112 de
280 2073 314 2114 eo
338 2053 410 2112 alt.
433 2055 598 2129 Foerstero,
619 2054 638 2112 l.
658 2071 680 2113 s.
695 2073 724 2129 p.
739 2055 813 2127 218,
837 2052 889 2129 qui
911 2071 978 2112 eam
1001 2052 1174 2129 explicandi
1256 2039 1257 2050 ³

150 2142 231 2202 viam
252 2141 404 2220 ingressus
422 2144 476 2219 est,
499 2146 534 2201 ut
551 2145 682 2202 sumeret
700 2141 881 2218 exscriptum
899 2160 962 2202 esse
982 2141 1134 2218 quondam
1153 2163 1171 2202 e

151 2230 314 2292 Laurentio
341 2233 505 2290 tractatum
531 2231 617 2289 illum
644 2228 710 2310 περὶ
732 2227 885 2312 γενέσεοις,
912 2231 995 2290 cuius
1018 2230 1116 2290 verbis
1141 2231 1176 2292 οἱ

150 2317 206 2397 τήν
229 2317 361 2398 φυσικὴν
384 2319 514 2399 ἱστορίαν
537 2318 756 2400 συγγράφοντες
775 2352 817 2361 -
836 2320 885 2380 vel
902 2322 938 2378 ut
955 2337 1033 2378 nuno
1050 2319 1173 2395 plenius

150 2409 261 2486 legitur
284 2408 315 2468 οἱ
330 2416 389 2468 τῶν
403 2401 553 2488 Ῥωμαίων
570 2405 626 2485 τὴν
643 2406 777 2486 φυσικὴν
795 2407 926 2489 ἱστορίαν
944 2406 1169 2487 συγγράφοντες

150 2518 179 2574 p.
200 2498 314 2573 84,14
336 2529 374 2540 -
397 2515 416 2556 a
438 2498 529 2558 sciolo
559 2497 688 2574 quodam
712 2497 894 2573 adscriptum
916 2497 957 2557 sit
979 2497 1011 2555 in
1033 2498 1174 2574 margine

150 2586 340 2646 nomenoius
365 2605 453 2663 quem
475 2586 573 2646 medio
598 2606 671 2647 aevo
694 2605 843 2646 summum
864 2585 1049 2645 naturalium
1069 2605 1173 2646 rernm

151 2678 305 2735 auctorem
322 2675 479 2752 putabant,
497 2675 664 2752 Pillwlov,
683 2677 737 2735 aut
755 2678 790 2734 ut
807 2677 872 2733 tum
890 2674 1017 2734 scribere
1031 2674 1174 2735 solebant

151 2763 322 2842 ΓΠληνίοο.
353 2767 472 2824 mutato
486 2763 592 2824 deinde
601 2764 717 2824 incuria
729 2763 941 2824 librarioruum
954 2763 1052 2840 prima
1065 2762 1175 2825 littera

151 2852 318 2930 ΣΠληνίου
333 2872 396 2913 esse
410 2854 518 2928 ortum,
533 2853 612 2930 quod
626 2872 733 2913 nomen
744 2872 811 2912 cum
825 2854 997 2929 corruptum
1006 2870 1069 2911 esse
1079 2852 1173 2912 intel·

151 2942 265 3019 legeret
277 2941 408 3000 Parisini
422 2943 530 3002 codicis
545 2944 657 3019 auctor,
671 2942 802 3002 mutavit
815 2943 847 3000 in
860 2940 1022 3021 Λιβανίου,
1036 2940 1115 3000 unde
1125 2941 1174 3018 fit,

150 3034 187 3090 ut
204 3031 253 3090 hio
271 3032 418 3090 tractatus
443 3031 535 3090 etiam
552 3031 631 3090 inter
648 3030 769 3090 Libanii
787 3031 956 3109 fragmenta
973 3032 1109 3106 receptus
1129 3031 1175 3090 sit

151 3120 214 3181 sine
234 3119 364 3179 auctoris
383 3113 534 3179 nomine:²
551 3120 671 3179 Ioannis
686 3119 865 3179 Damasceni
878 3139 949 3180 vero
963 3138 1071 3179 nomen
1084 3137 1172 3180 mero

151 3207 265 3270 scribae
288 3208 442 3268 cuiusdam
465 3209 589 3269 arbitrio
613 3208 714 3268 deberi
736 3208 878 3285 opinatur
899 3208 1110 3267 Krumbacbcr.

217 3298 319 3374 Atque
350 3298 500 3359 Foersteri
532 3298 653 3375 quidem
684 3297 852 3374 explicandi
882 3296 961 3356 ratio
994 3296 1032 3356 ad
1063 3316 1170 3356 verum

227 3504 235 3535 ¹
253 3503 307 3558 hoc
325 3503 355 3558 in
373 3503 470 3560 codice
484 3503 643 3560 Parisino
656 3520 786 3628 lpraeco
806 3507 874 3558 1000
894 3519 914 3557 s.
930 3501 981 3557 XV
999 3503 1018 3558 f.
1035 3507 1102 3557 170v
1121 3516 1169 3557 ac-

151 3573 254 3630 cidisse
272 3575 394 3646 benigne
412 3592 457 3631 me
477 3573 587 3632 monuit
604 3575 637 3631 R.
679 3578 792 3630 oeretcr.
