2556 3996
375 232 484 286 LIBER
504 231 680 297 QUARTUS.
709 231 851 286 APRILIS
1058 231 1121 295 115

6 473 8 476 ¹
99 397 185 460 αατά
217 396 277 460 τὸν
309 408 442 481 πρῶτον
473 397 644 481 περιττόν,
682 401 747 463 είτε
778 395 823 471 ὡς
855 395 996 480 πάτριον
1027 395 1111 460 θεὸν
1125 401 1174 456 XS

99 504 162 567 τὸν
176 501 292 588 Ἀρην,
316 504 363 578 εἰς
385 512 484 568 τοῦτο
508 501 628 581 τάξεως
651 501 800 586 ἀριθμοῦ
819 500 993 566 ἀνέθεντο·
1017 500 1120 586 ἡγάρ

98 611 198 696 τριάς
227 608 311 694 ἀρχὴ
342 608 504 694 ἀριθμοῦ·
537 610 621 674 ὥστε
651 608 712 673 οὐκ
742 607 802 687 ἔξω
834 612 1036 693 φιλοσοφίας
1062 609 1162 672 τὸνΧ

90 714 196 801 ’Ἀρεα
220 717 416 799 ζευγνύουσι
439 725 478 802 τῇ
497 714 692 802 Ἀφροδίτῃ·
719 725 759 801 τῇ
782 716 846 801 γάρ
872 716 972 780 δυάδι
996 719 1112 780 συνελ-
1126 724 1174 778 Xs
1243 707 1245 714 ¹

98 823 233 906 θοάσης
255 824 402 906 μονάδος
424 833 554 908 πρῶτος
581 821 726 907 ἀριθμὸς
754 820 887 905 ἐτέχθη,
916 821 952 898 ὃς
975 827 1120 887 καλεῖται
1149 846 1161 886 5

99 927 159 994 ὑπ’
184 928 285 994 ένίων
307 927 441 1012 τέλειος,
465 929 516 994 ὅτι
539 939 669 1014 πρῶτος
691 929 731 992 τά
753 929 862 993 πάντα
881 931 1044 1012 σημαίνει,
1067 927 1121 992 καὶ

99 1037 233 1120 πρῶτος
262 1034 387 1114 ἔδειξεν
416 1034 522 1120 ἀρχὴν
553 1032 637 1119 μέσα
669 1032 775 1111 τέλος·
808 1035 907 1101 εἰκὼν
939 1037 1003 1121 γάρ
1032 1034 1155 1100 ἐστινὸ

99 1140 264 1207 ἐπιπέδου
286 1140 342 1206 καὶ
365 1143 477 1227 πρώτη
495 1142 678 1217 ὑπόστασις
697 1140 734 1205 έν
752 1142 941 1227 τριγώνοις·
964 1145 1041 1226 τρία
1058 1143 1122 1228 γάρ

100 1248 216 1314 αὐτῶν
238 1247 332 1331 γένη·
361 1250 562 1333 ἰσόπλευρον
586 1244 752 1324 ἰσοσκελὲς
780 1251 955 1331 σκαληνόν.
997 1250 1056 1313 τὸν
1084 1245 1160 1313 δὲΧ

6 1405 7 1410 .
98 1353 275 1441 τέταρτον,
307 1355 390 1438 (av)
412 1353 584 1440 Ἀπρίλιον
614 1355 828 1438 ὀνομάζουσι,
855 1356 937 1419 κατά
965 1356 1027 1438 την
1054 1367 1121 1421 τῶν
1136 1381 1162 1420 ιο

6 1511 9 1546 ;
101 1465 279 1546 στοιχείων
301 1463 406 1545 φάσιν
428 1470 474 1549 τῷ
497 1462 640 1549 τετάρτω
665 1460 799 1549 ἀριθμῷ
822 1459 998 1543 ἀνέθεντο,
1026 1485 1121 1526 τουτ-

101 1568 196 1633 έστιν
220 1566 415 1654 Ἀφροδίτη·
446 1568 466 1651 ἡ
498 1569 561 1653 γάρ
589 1577 650 1632 τοῦ
677 1569 801 1644 παντὸς
828 1568 992 1651 αἰσθητοῦ
1020 1569 1122 1652 φύσις

101 1673 140 1738 ἐκ
163 1675 335 1758 τεσσάρων
358 1673 426 1739 ἐστὶ
449 1676 632 1758 στοιχείων,
656 1673 738 1757 αὕτη
760 1672 789 1738 δ’
813 1672 924 1758 ἀνείη
943 1676 1122 1750 κατάτοὺς

100 1782 331 1863 φυσιολόγους
345 1769 533 1866 Ἀφροδίτη.
571 1792 700 1866 πρῶτος
720 1775 783 1846 οὖν
800 1782 1005 1867 τετράγωνος
1024 1781 1122 1868 ἀριθ-

100 1886 166 1971 μὸς
189 1881 288 1962 οὗτος
310 1885 365 1951 καὶ
388 1888 574 1972 τετρακτύς,
598 1887 682 1953 ἀλλά
704 1890 771 1972 μὴν
793 1885 848 1952 καί
870 1900 1001 1974 πρῶτος
1019 1887 1121 1966 ἔδειξε
1137 1914 1161 1953 15

100 1994 165 2076 τὴν
194 1995 332 2078 στερεάν
359 1994 476 2078 φύσιν·
508 2005 645 2078 σημεῖον
672 1995 751 2079 γάρ,
780 1989 850 2059 εἶτα
876 1999 1023 2081 γραμμή,
1052 1990 1122 2059 εἶτα

103 2099 300 2184 ἐπιφάνεια,
328 2095 398 2164 εἶτα
421 2102 569 2186 στερεόν,
601 2101 618 2164 ὅ
647 2099 715 2165 ἐστι
744 2112 844 2184 σῶμα.
891 2081 926 2164 έκ
953 2102 1122 2186 τεσσάρων

102 2203 186 2290 δὲὴ
215 2216 275 2271 τοῦ
294 2255 390 2270 .....
408 2205 566 2292 τέταρτον
594 2206 742 2292 ἀριθμὸν
764 2204 945 2292 Ἀφροδίτη
972 2206 1123 2271 τουτέστι

20 2299 22 2304 ’
101 2323 141 2399 τῇ
178 2313 279 2396 φύσει
310 2324 377 2378 τῶν
406 2313 610 2398 πραγμάτων
641 2312 811 2378 ἀνέθεντο.
865 2311 941 2378 ἀνθ’
973 2313 1052 2378 ὅτου
1085 2309 1122 2378 δέ

102 2420 211 2495 οὕτως
243 2418 335 2497 ἔδοξε
358 2418 527 2504 Ῥωμαίοις
559 2419 619 2484 τὸυ
649 2418 809 2504 τέταρτον
834 2419 995 2503 ὀνομάσαι
1023 2428 1121 2505 μῆνα,
1135 2447 1162 2486 νο

101 2528 162 2593 διά
185 2524 337 2611 βραχέων
360 2525 437 2607 ἐρῶ·
460 2525 540 2602 τέως
557 2523 603 2615 ’δὲ
626 2527 708 2591 κατὰ
731 2525 768 2590 τὸ
791 2529 942 2611 πρόσθεν
966 2525 1122 2609 ἐπηγγελ-

101 2632 209 2718 μένον
232 2629 331 2715 όλίγα
352 2634 431 2697 ἀττα
458 2631 534 2717 περὶ
562 2640 620 2715 τῆς
646 2633 728 2696 κατά
747 2631 949 2717 Ἀφροδίτην
976 2637 1122 2719 θεωρίας

102 2741 321 2823 διαλήψομαι.
367 2740 399 2803 οἱ
426 2737 564 2823 φυσικοὶ
592 2748 773 2823 τοιγαροῦν
794 2740 854 2803 τὸν
878 2737 1013 2823 έαρινὸν
1035 2735 1122 2804 εἶναι

101 2846 225 2930 καιρὸν
251 2846 532 2931 τὴνἈφροδίτην
559 2846 751 2927 βούλονται·
780 2840 877 2921 οὗτος
905 2843 934 2909 δ’
958 2844 1000 2910 ἀν
1028 2852 1078 2929 είη
1103 2846 1120 2911 ὁ

102 2953 142 3018 ἐν
166 2952 278 3040 ταύρῳ
299 2952 405 3035 ἥλιος·
429 2951 483 3016 καὶ
506 2949 801 3038 ἀποστρεφομένην
824 2951 929 3034 αὐτὴν
947 2952 1007 3016 τὸν
1020 2950 1122 3037 ’Ἁρεα
1135 2978 1161 3018 25

102 3067 278 3141 ποιοῦσιν,
309 3059 353 3135 ὡς
377 3057 546 3143 ἐλέγομεν,
574 3060 633 3123 τὸν
648 3057 764 3143 ’Ἀρεος
787 3067 875 3142 μῆνα
898 3096 941 3104 --
965 3053 1063 3134 οὗτος
1085 3057 1116 3123 δ’

178 3257 233 3305 v.1
254 3251 350 3313 καθὼς
369 3249 401 3318 S,
425 3249 496 3304 κατὰ
515 3250 547 3303 Χ
617 3246 896 3319 λτὸνἈρηνοωιίε.
917 3251 948 3302 Χ
1018 3249 1120 3304 Βάστε

105 3325 158 3377 οάιι
174 3354 207 3362 -
222 3329 240 3375 4
254 3318 402 3394 Ἀφροδίτη
423 3320 544 3376 συείοις
614 3322 697 3375 λιταὶ
715 3318 791 3383 τέλος
809 3321 853 3390 Sl
875 3321 956 3375 είιιάν
971 3326 1035 3373 -9
1055 3338 1121 3376 σιια-

105 3393 193 3462 ληνὸν
212 3392 359 3446 desuntx
418 3389 600 3461 9σιιαληνάυ.
629 3395 681 3447 cet.
698 3392 792 3447 des.S
852 3398 885 3446 10
904 3389 980 3465 <δν>
1000 3391 1119 3465 addidi!

106 3462 280 3533 ὠνομάζουσι
298 3464 326 3516 A
398 3469 431 3516 13
450 3461 481 3517 ἐκ
498 3472 554 3518 τῶν
572 3462 711 3532 τεσσάρων
729 3464 757 3515 Β
831 3469 864 3517 18
881 3462 1018 3516 nonnulla
1035 3462 1121 3518 inter-

108 3534 211 3589 cidisse
228 3537 310 3604 patet
325 3535 329 3606 λ
345 3533 476 3602 τετάρτου
495 3534 619 3603 ἀριθμοῦ
639 3535 666 3587 Β
739 3540 771 3588 21
791 3534 840 3589 τὸν
854 3533 980 3602 πρόσθεν
995 3535 1033 3603 Χ,
1052 3552 1119 3589 corr.

107 3605 210 3660 Hasius
283 3611 316 3659 25
335 3603 405 3674 ἀέρα
423 3607 459 3675 Β,
479 3605 549 3674 ἀρεα
568 3605 610 3666 Α,
668 3611 701 3659 26
720 3602 835 3675 λέγομεν
854 3607 891 3675 Χ,
910 3622 978 3660 corr.
994 3607 1037 3660 Ην

924 3695 959 3748 8*
