2524 3984
463 163 670 219 PRAEFATIO
1016 163 1079 228 xii

78 350 151 406 quem
172 330 303 390 habeant
325 349 392 390 cum
413 329 502 392 rebus
530 331 562 390 in
591 332 644 393 illo
675 332 830 409 expositis:
867 332 919 393 sed
948 333 1079 394 alterum

77 419 106 478 de
130 419 254 498 bisexto,
292 420 372 496 qnod
403 420 423 480 f.
450 423 512 480 107
517 423 533 450 '¹
559 421 683 499 legitur,
716 441 732 480 e
759 421 904 482 Macrobii
932 421 1077 482 Saturnaq

76 508 140 568 libus
159 509 239 587 Ll4
262 509 405 568 haustum
427 509 548 570 videtur
571 527 646 590 esee,
676 513 707 570 et
729 510 858 570 alterum
885 511 950 587 ipso
974 512 1077 572 verbo·

74 616 130 656 rum
150 599 251 658 tenore
272 600 378 674 postea
397 598 457 657 atio
477 618 512 657 ox
534 599 617 658 fonte
640 599 778 660 additum
805 618 868 660 esse
896 600 1077 676 ostenditur3

76 689 163 747 tamen
180 687 259 746 illud
276 689 399 764 propter
418 687 569 766 singulare
588 687 654 748 eius
671 691 882 767 argumentum
900 689 1078 749 adverbum

74 775 131 835 huic
152 775 217 836 loco
240 775 370 843 inserere
397 776 488 834 liceat
510 771 543 854 (f.
570 768 677 858 1090:
704 785 790 838 τοῦτο
813 776 908 850 οὕτως
930 774 989 838 ὑπὸ
1008 769 1078 846 ‘Por-

75 863 155 940 μαίων
184 861 316 925 τέτακται
352 857 493 946 (initium
528 864 700 926 indictionis
740 863 807 924 Kal.
841 865 931 942 Sept,
963 866 999 926 cf.
1032 865 1076 925 ed.

74 970 96 1027 p.
113 955 159 1030 61,
174 945 209 1034 5)
232 949 274 1026 δας
301 950 473 1034 ἀνθρώπων
500 950 724 1033 ἀσχολουμένων
751 953 794 1026 είς
821 952 854 1015 τὸ
882 954 1077 1023 δικαιοδοτεῖν

74 1038 115 1100 καλ
138 1041 178 1114 είς
205 1039 261 1120 τὴν
289 1039 500 1122 συμφέρουσαν
531 1051 568 1126 τῇ
599 1042 729 1126 πολιτείᾳ
757 1042 945 1104 κατάστασιν·
983 1041 1077 1126 όμὰρ

75 1128 262 1212 Σεπτίμβριος
280 1128 340 1210 μὴν
363 1139 423 1192 τῶν
448 1129 660 1212 παρελθόντων
682 1130 784 1193 κόπων
812 1129 853 1205 ὡς
874 1130 923 1192 ἐπὶ
944 1131 977 1193 τὸ
999 1131 1078 1193 πολὺ

75 1217 132 1292 τοὺς
159 1218 291 1296 καρποὺς
320 1219 479 1300 συμκλείει,
505 1217 556 1280 καί
582 1225 646 1293 ταῖς
673 1217 844 1300 δποθίμκαις
871 1219 1077 1300 ἕναποτίδησι,

76 1305 116 1367 καί
141 1316 198 1368 τῶν
224 1305 370 1370 ἐπιόντων
395 1307 573 1387 πνευμάτων
602 1306 762 1390 ἀπόοχεται
788 1308 839 1370 καλ
867 1318 926 1370 τῶν
957 1315 1077 1418 μιμθῶν

77 1393 195 1457 καὶτῶν
222 1397 343 1458 πάντων
369 1395 501 1459 καὶτῶν
523 1397 648 1458 κί’νσων
676 1397 708 1459 τὸ
732 1395 805 1459 δὲλ
788 1396 943 1480 λέγειν,
925 1421 969 1460 οτι
989 1392 1077 1460 ’-Ινδι

77 1482 151 1545 nete
170 1483 320 1564 είληφε
290 1509 346 1564 την
364 1483 457 1594 ἀρχὴν
475 1484 665 1547 καλεῖσθαι’
649 1485 723 1548 από
731 1509 811 1560 τινος
830 1495 992 1569 στρατηγοῦ
1008 1481 1076 1548 Ρω-

79 1573 158 1648 μαίων
172 1567 316 1636 Ἰνδίκτου
336 1571 356 1653 ἢ
373 1568 568 1648 Ἰνδικτιῶνος
585 1561 818 1688 autenticum}
818 1574 853 1638 πί
870 1574 988 1686 χμόνοις
1005 1598 1076 1636 πεν-

77 1662 210 1724 τεκαίδεκα
233 1663 365 1744 μεγάλως
388 1663 601 1744 ευτυχήσαντος
622 1662 673 1726 καί
695 1655 787 1738 αυθις
808 1658 894 1744 ἐφ’
880 1663 988 1745 ετὲροις
1005 1686 1076 1726 πεν-

78 1745 210 1814 τεκαίδεκα
234 1751 485 1832 δυστυχήσαντος,
512 1750 671 1815 κίντεῦθεν
699 1753 861 1827 δεδωκότος
885 1759 948 1827 τοῖς
969 1751 1077 1832 ἑφεξῆς

77 1840 134 1915 μετά
154 1864 233 1914 τινος
254 1839 453 1924 ἐπιτιμήσεως
475 1840 531 1921 τὴν
553 1850 612 1920 τῶν
634 1841 750 1924 χρόνων
768 1843 881 1905 τούτων
899 1839 1077 1953 ἀπαριθμεῖ-

77 1932 137 1990 σθαι
164 1929 327 2009 ποσότητα,
359 1937 495 2010 μυθικῶς
527 1915 623 1992 δοκεῖ·
655 1935 765 2011 μᾶλλον
796 1929 828 1993 δὲ
858 1929 959 2010 ἀληθῆ
990 1931 1077 1992 τότε

77 2032 163 2146 τλρμμὲ
162 2060 200 2096 να
222 2035 314 2101 καλ”
297 2053 352 2098 οσα
370 2034 406 2097 ἔν
420 2059 450 2097 τε
471 2059 512 2120 τμ
535 2039 555 2117 β
576 2037 724 2122 προσώπῳ
747 2047 800 2099 του
823 2037 941 2118 πρώτου
961 2036 1076 2116 φύλλου

76 2122 116 2184 καί
135 2123 165 2186 ἐν
187 2131 228 2210 τῷ
251 2125 356 2211 πρώτῳ
383 2124 532 2211 προσωπιμ
559 2134 612 2188 τοῦ
641 2126 762 2187 δεκοίτου
791 2126 906 2205 φύλλου
934 2123 1075 2207 εὑρήσεις.

76 2213 212 2292 relegatur
246 2218 349 2274 autem
384 2216 479 2275 lector
515 2215 553 2274 ad
579 2216 599 2274 f.
630 2218 711 2275 111²
741 2208 804 2299 (··-=
828 2216 871 2275 ed.
904 2234 933 2292 p.
958 2218 1013 2292 61,
1034 2211 1077 2293 7),

76 2300 119 2360 ubi
139 2304 322 2380 adscriptum
344 2306 390 2363 est
411 2304 567 2364 Laurentii
589 2304 687 2365 verbis
709 2301 749 2383 ἣν
772 2303 857 2366 αὐτοὶ
879 2299 933 2382 μὲν
958 2303 1077 2364 ι’νδικτι·

76 2397 127 2450 ῶνα
147 2396 269 2453 καλοῦσι’
290 2393 323 2452 in
345 2392 494 2470 margine:
516 2391 593 2471 ζήτει
614 2391 672 2474 πρὸ
696 2393 810 2472 φύλλον
829 2391 904 2468 ἑνός,
926 2394 1006 2452 unde
1024 2412 1077 2470 ap-

75 2501 161 2578 paret,
191 2517 304 2559 amasso
326 2498 484 2558 librarium
506 2518 574 2558 cum
603 2499 745 2570 scriberet
772 2496 806 2560 ἐν
828 2501 906 2582 τῷβ
929 2499 1078 2583 προσώπῳ

74 2594 118 2645 τοῦ
138 2587 256 2667 πρώτου
278 2581 356 2670 (scil.
380 2585 451 2666 μετὰ
472 2579 573 2669 τοῦτο)
597 2587 723 2666 φύλλου,
746 2591 811 2648 erat
833 2588 913 2647 enim
930 2589 1030 2665 potius
1050 2587 1078 2646 oi

74 2675 250 2736 scribendum
271 2673 304 2736 ἐν
326 2681 366 2760 τῷ
390 2681 411 2735 α
433 2675 486 2736 ’τοῦ
509 2672 655 2758 δευτέρου.
694 2677 774 2753 quod
796 2677 892 2737 altero
910 2678 976 2738 loco
1000 2697 1077 2738 com·

74 2769 245 2826 memoratur
262 2765 376 2843 φύλλον
403 2763 526 2826 δέκατον
553 2768 599 2825 eet
624 2766 646 2828 f.
662 2768 746 2844 120‘,
769 2766 821 2824 ubi
845 2765 880 2824 de
904 2766 1078 2843 Septembre

74 2869 162 2914 nense
184 2855 286 2934 agitur
309 2849 366 2932 (ed.
389 2874 418 2930 p.
439 2845 590 2936 158‚16)‚
614 2854 650 2913 de
673 2854 835 2914 indictione
856 2857 959 2914 autem
981 2874 1077 2915 sermo

75 2946 197 3004 nonest
244 2961 321 3020 quae
345 2943 445 3002 omnia
468 2942 603 3021 exposui,
631 2960 669 3003 ne
697 2963 795 3002 errore
817 2943 871 3002 ino
894 2944 1010 3003 librarii
1032 2943 1081 3004 in-.

76 3027 179 3092 ducaris
196 3033 229 3091 in
247 3033 426 3108 opinionem,
449 3032 580 3106 codicem
594 3031 624 3107 S,
642 3033 786 3109 quoniam
803 3032 944 3092 foliorum
962 3030 1077 3090 numeri

77 3116 107 3174 ab
128 3124 245 3182 auctore
267 3121 378 3198 prolati
401 3120 461 3182 non
484 3121 665 3182 conveniunt
688 3140 756 3180 cum
776 3121 822 3196 iio,
846 3121 898 3197 qui
916 3120 980 3180 veri
998 3121 1078 3200 sunt,

77 3209 243 3286 exemptum
266 3229 329 3270 esse
343 3229 413 3269 una
436 3229 504 3270 cum
530 3210 745 3288 marginalibus
773 3166 853 3270 notia
877 3229 892 3268 e
914 3203 1081 3268 vetustiore
1113 3239 1130 3274 0

79 3297 197 3368 quodam
220 3299 395 3384 exemplari,
421 3299 531 3358 inter
522 3317 665 3375 ipsume
649 3301 680 3358 t
701 3297 781 3376 Lydi
808 3299 921 3358 codices
945 3297 1077 3375 integros

78 3379 274 3448 intercedente.
319 3407 415 3464 neque
440 3391 542 3448 tamen
568 3389 662 3447 talem
689 3387 823 3463 aliquem
845 3386 976 3446 codicem
999 3386 1078 3445 inter

79 3467 259 3536 Laurentium
278 3479 309 3536 et
327 3476 542 3537 Scorialensem
559 3476 691 3535 medium
709 3476 802 3535 fnisse
821 3477 984 3552 negaturus
999 3494 1083 3550 sum,

22 3607 23 3610 ,
80 3575 173 3624 moneo
188 3567 309 3627 tantum
327 3565 524 3626 demonstrari
545 3566 577 3626 id
595 3585 655 3627 non
672 3583 759 3642 posse
773 3565 826 3625 illo
840 3564 956 3622 librarii
970 3583 1077 3624 errore.
