2530 3988
337 207 448 262 LIBER
466 207 644 274 QUARTUS.
670 208 790 262 IULIUS
1012 209 1075 273 143

13 355 14 410 ἰ
64 366 120 454 μὲν
147 370 251 437 αὐτὸν
279 368 335 435 καί
363 369 640 456 πρεπωδέστατον
670 371 708 437 ἐν
737 369 871 456 μεγέθει
904 371 1073 457 γενέσθαι,
1087 381 1169 437 st

13 473 14 490 ¹
64 478 108 541 ἔτι
142 478 208 561 μην
243 474 300 541 καλ
336 479 495 561 κομῆτην·
532 479 594 562 τῆν
629 480 693 564 γὰρ
730 481 840 563 κόμην
865 481 1011 564 πατρίως
1041 480 1074 544 ολ
1087 487 1136 543 Xs

60 580 204 668 Ῥωμαῖοι
234 584 407 669 καισάριεν
441 586 748 670 προσαγορεύουσι,
784 588 843 650 καί
873 602 994 669 φησιν,
1031 585 1075 661 ὡς
1089 595 1115 648 Χ

63 691 176 756 διὰτὸ
205 689 239 768 ἐξ
267 688 367 774 αὐτῆς
394 691 515 768 κάλλος
537 694 669 778 Καίσαρ
697 692 971 778 προσηγορεύετο.
1017 692 1074 756 κύ·
1088 701 1137 756 XS

61 820 132 880 ριον
154 792 192 862 δὲ
220 795 310 884 αύτῷ
336 799 446 882 ὄνομα
466 797 582 882 Γάϊος,
612 799 781 882 εὐγενείας
808 794 846 864 δί
870 798 1071 883 σημαντικὸν
1085 807 1168 863 XHS

57 899 206 987 Ἰούλιος,
244 902 309 968 ἀπὸ
336 900 468 969 Ἰούλου
501 914 562 970 τοῦ
595 906 735 970 Αἰνείου
771 914 832 970 τοῦ
863 901 1073 991 Ἀφροδίτης,
1101 931 1113 971 ο

60 1009 172 1095 ἀρετῆς
196 1006 236 1075 δί
257 1009 275 1076 6
298 1014 439 1097 Καίσαρ.
1087 1021 1112 1075 Χ

19 1121 126 1182 RrIVu
149 1117 222 1181 103.
248 1118 428 1194 Θεοδόσιος
446 1116 464 1183 6
479 1119 596 1204 μικρὸς
610 1121 812 1203 νεωτερίζων
829 1118 867 1183 τὸ
886 1127 944 1201 τῆς
957 1115 1075 1202 Ὀλυμ·
1089 1127 1139 1182 XS

58 1222 173 1300 πιάδος
197 1221 232 1287 ἐκ
254 1233 322 1288 τῶν
344 1226 476 1310 χρόνων
498 1223 681 1308 ἀπήλειψεν
704 1225 818 1309 όνομα.

19 1335 123 1393 deesth
139 1329 212 1393 104.
228 1327 298 1394 Ὅτι
317 1330 377 1395 τὸν
394 1332 549 1416 Καίσαρά
572 1349 677 1415 φασιν
701 1329 733 1409 ἐξ
753 1329 893 1415 ἀπείρου
911 1340 1105 1414 χειμῶνοςῦ

59 1433 214 1522 ἐπιληψίᾳ
240 1446 443 1521 περιπεσεῖν·
474 1443 730 1522 θεραπευθῆναι
757 1434 795 1501 δὲ
822 1435 964 1523 ὕστερον
993 1435 1072 1521 ἡρα-
1087 1464 1112 1503 11

58 1547 168 1608 κλείου
197 1543 340 1627 βοτάνης
371 1545 475 1627 χυλὸν
506 1545 570 1608 σὺν
601 1547 703 1631 πυτία
735 1544 848 1628 φώκης
880 1539 1072 1607 ἑλκύσαντα.

57 1647 109 1714 καί
127 1652 260 1734 Καίσαρ
283 1644 345 1733 μὲν
368 1650 460 1714 ούπω
478 1650 678 1734 θαυμαστὸν
696 1651 725 1715 εἰ
748 1647 804 1714 καλ
823 1649 936 1734 φύκης
953 1650 1073 1724 πυτίας

58 1755 257 1842 ηὐπόρησεν·
275 1753 409 1841 Ἀρέτας
432 1751 469 1820 δὲ
492 1755 510 1821 6
534 1767 602 1821 τῶν
620 1760 798 1840 Σαιηνιτῶν
813 1753 965 1841 Ἀράβων
988 1753 1072 1838 φύλ-

57 1885 155 1947 αρχος
182 1863 342 1949 Κλαυδίῳ
365 1865 511 1949 Καίσαρι
538 1864 679 1949 γράφων
707 1861 883 1945 ἐπιστολὴν
909 1859 985 1946 περὶ
1015 1868 1072 1944 τῆς
1087 1887 1112 1928 ιε
1137 1883 1164 1932 f

15 1973 121 2033 RrIV65
137 1966 181 2033 δι’
206 1967 333 2054 ὀρνέων
355 1969 536 2055 θεραπείας
559 1973 673 2053 φησίν,
695 1964 784 2054 ἧπαρ
807 1968 914 2051 γυπὸς
937 1969 1002 2032 σὺν
1024 1974 1070 2055 τῷ
1083 1978 1133 2032 XS

58 2075 168 2160 αἵματι
198 2074 301 2140 ὀπτὸν
327 2077 408 2159 μετὰ
436 2059 567 2160 μέλιτος
595 2076 775 2160 διδόμενον
804 2072 858 2139 ἐπὶ
886 2072 1072 2159 ἑβδομάδας

57 2193 143 2266 τρεῖς
166 2181 387 2247 ἀπαλλάττειν
410 2180 595 2266 ἐπιληψίας,
619 2181 742 2266 ὁμοίως
765 2178 803 2247 δὲ
827 2179 882 2246 καί
905 2182 967 2264 τὴν
993 2204 1072 2266 καρ-

58 2289 133 2354 δίαν
155 2297 215 2354 τοῦ
239 2291 356 2372 γυπός,
380 2288 434 2354 ὅτε
457 2287 619 2375 ξηρανθῆ,
643 2288 680 2354 ἐν
702 2289 800 2354 ὕδατι
823 2287 1005 2371 διδομένην
1024 2294 1071 2375 τῷ

58 2399 115 2483 ἴσῳ
139 2397 250 2483 τρόπω
275 2396 411 2481 ἰσχύειν.
1085 2421 1111 2461 ιο

15 2511 41 2562 66
126 2501 197 2565 105.
220 2499 291 2566 Ὅτι
315 2503 348 2567 οί
365 2500 484 2569 πολλοὶ
507 2514 575 2568 τῶν
598 2505 776 2588 ἱστορικῶν
799 2518 880 2586 φασι
904 2502 964 2566 τὸν
986 2503 1070 2565 Καί-

57 2626 140 2695 σαρα
164 2606 353 2693 ἑπτάμηνον
375 2616 546 2694 τεχθῆναι,
569 2607 624 2674 καί
648 2611 705 2674 διά
728 2618 826 2674 τοῦτο
849 2609 909 2673 τὸν
927 2606 1072 2692 ἕβδομον

55 2724 143 2799 μῆνα
165 2725 226 2780 τοῦ
251 2717 417 2802 ἱερατικοῦ
446 2715 601 2784 ἐνιαυτοῦ
630 2717 677 2792 εἰς
699 2716 762 2799 την
784 2717 911 2780 οἰκείαν
933 2717 1072 2799 μεταβα-

126 2890 151 2926 V.
168 2877 184 2926 2
203 2869 257 2943 γὰρ
271 2872 299 2940 S,
320 2870 351 2925 δὲ
366 2872 397 2926 Χ
468 2877 484 2926 3
503 2870 551 2927 καί
566 2889 634 2942 φησι
648 2903 684 2912 -
698 2879 715 2926 4
729 2870 949 2941 προσηγορεύετο
964 2869 1075 2924 omis.S

56 2949 71 2996 5
91 2941 234 3014 εὐγενείας
256 2941 288 2997 δὲ
311 2944 482 3013 σημαντικόν
503 2944 535 2998 τδ
554 2943 659 3006 ἰοόλιος
672 2948 737 2996 -6
757 2950 806 3012 τῆς
823 2939 990 3011 ἀφροδίτης·
1010 2948 1071 2994 καί·

58 3031 109 3082 σαρ
129 3012 160 3068 δὲ
180 3009 261 3077 οὗτος
279 3012 434 3084 ὠνομάζετο
458 3016 495 3077 ὡς
518 3014 667 3083 εὐπρεπής·
692 3013 806 3082 ἀριστον
826 3014 863 3082 (p.
880 3018 939 3081 142,
954 3015 999 3081 22)
1017 3010 1071 3082 γάρ

59 3085 146 3140 αὐτὸν
159 3083 293 3156 γενέσθαι
306 3085 338 3140 τὸ
353 3094 430 3154 σῶμα
444 3102 532 3154 φασιν
546 3087 594 3140 καὶ
608 3082 839 3154 πρεπωδέστατον
853 3083 884 3138 ἐν
898 3079 1010 3208 μὲγέθει
1027 3100 1072 3152 γε·

59 3155 205 3211 νόσθαιΗ
214 3155 233 3210 f.
245 3162 311 3211 166¹
353 3161 428 3227 δτῆς
436 3155 592 3227 ἀφροδίτης
601 3157 676 3225 ΧΗ,
689 3164 740 3210 τοῦ
750 3151 906 3225 ἀφροδίτης
979 3158 993 3206 '1
1009 3152 1072 3220 ἀρε-

57 3235 106 3298 τῆς
124 3225 157 3282 δὲ
176 3227 191 3282 ὁ
210 3236 312 3296 καίσαρ
331 3227 447 3284 omis.s
517 3232 533 3282 8
553 3225 624 3282 ότιδ
640 3269 735 3282 .....
752 3226 865 3297 (lacuna
883 3223 1006 3349 ffuinque
1019 3222 1073 3304 ,Εἰς

57 3301 192 3368 horarum)
210 3297 359 3362 δεοδόσιος
382 3300 413 3354 τδ
436 3302 489 3354 etc.
509 3299 531 3354 S
602 3305 635 3352 14
658 3297 764 3368 ἀρήτας
782 3298 813 3366 S,
837 3294 881 3364 Ἀρ
895 3314 946 3358 τας
972 3311 1072 3363 scnpsl

57 3376 89 3424 16
108 3363 185 3438 ίμσαρ
209 3369 297 3440 γυπὸς
319 3369 373 3425 inc.
398 3371 430 3424 X
536 3376 569 3425 18
589 3369 756 3424 ἀπαλλάττει
779 3370 810 3423 Χ
843 3369 847 3438 Ι
880 3367 928 3421 καί
951 3364 1075 3419 omis.S

57 3446 89 3494 19
109 3443 172 3496 διδο
194 3438 243 3511 όνη
267 3442 299 3495 Χ
388 3447 420 3496 21
444 3439 486 3496 ὅτι
509 3442 605 3495 πολλοί
619 3473 654 3482 -
668 3460 694 3511 p.
711 3446 805 3508 144,1
830 3434 1020 3529 προσηγορίαν
1042 3435 1071 3504 S,

56 3513 126 3580 φασί
154 3462 193 3567 δλι
214 3513 300 3568 αὐτὸν
328 3512 378 3567 τὸν
406 3512 513 3567 ίούλιον
541 3511 701 3582 ἑπτάμηνον
719 3544 754 3553 -
771 3530 798 3581 p.
815 3515 910 3580 144‚2
936 3528 1018 3572 ουτος
1041 3507 1073 3560 Χ

56 3589 90 3636 28
110 3583 250 3652 ἱερατικοῦ
270 3583 348 3639 omis,
368 3584 396 3637 B
