2530 3988
186 193 250 258 160
417 193 525 248 LIBER
543 192 720 259 QUARTUS.
749 193 967 249 SEPTEMBER

142 367 167 422 X
251 357 323 421 126.
347 361 393 442 Τῇ
407 358 472 439 πρὸ
487 357 572 422 ὀκτὼ
587 358 702 422 Εἰδών
715 360 955 442 Σεπτεμβρίων
963 356 1112 436 Εὔδοξος
1125 366 1227 421 Βτῖῖεκ

183 464 243 528 τὸν
273 463 377 529 ἰ’ππον
408 464 551 529 δύεσθαι
583 462 639 528 καί
671 462 816 548 ζέφυρον
850 463 871 548 ἦ
905 463 1070 550 ἀργέστην
1100 475 1191 530 πνεῖν

182 579 383 654 σημειοῦται.

252 675 457 760 121.”Ισμεν
483 684 522 761 τῇ
549 676 680 762 κράμβη
703 675 916 761 ἐμφυόμενον
944 679 1096 760 σκώληκα
1116 678 1190 762 κάμ-
1204 691 1226 738 81

155 805 250 866 επην
276 783 528 867 ὀνομαζόμενον.
575 777 684 866 οὗτος,
717 781 1023 868 ἀποξηραινομένης
1051 792 1098 872 τῷ
1124 787 1190 869 έαρι

182 898 241 972 τῆς
267 890 429 975 κράμβης,
462 891 509 965 είς
537 890 689 973 σκώληκα
717 890 886 976 πτερωτὸν
915 891 1008 956 ώσδιν
1034 892 1189 976 μύρμηκα,

182 992 238 1059 καὶ
269 996 401 1080 μείζονά
432 1017 516 1079 πως,
553 994 680 1080 πέφυκε
712 997 992 1081 μεταβάλλεσθαι,
1023 997 1188 1084 πτερύγων

182 1106 311 1166 λευκῶν
337 1102 512 1186 τριγώνων
538 1101 731 1187 άνεχουσών
756 1103 875 1186 αὐτόν,
905 1101 960 1168 καὶ
987 1107 1188 1189 περιλιιταται

182 1217 253 1283 τοῖς
274 1210 391 1291 κήποις
414 1210 600 1296 χαμαιζήλιμ
622 1205 679 1273 καὶ
702 1207 856 1296 εὐαλώτῳ
876 1218 917 1294 τῇ
934 1211 1065 1292 πτήσει·
1088 1210 1186 1292 ψυχὴν

141 1341 168 1381 ιο
183 1311 223 1378 δέ
242 1334 309 1378 που
330 1314 391 1378 τὸν
413 1324 568 1380 τοιοῦτον
591 1315 743 1398 σκώληκα
764 1319 941 1380 καλεῖσθαι
965 1319 1146 1400 συμβαίνει.

251 1420 322 1485 128.
347 1422 422 1506 Πρὸ
446 1419 526 1485 δέκα
548 1419 632 1484 ὀκτὼ
656 1422 839 1485 Καλενδών
857 1419 1067 1506 Ὀκτωβρίων
1089 1422 1107 1488 ὁ
1128 1427 1186 1486 Δο-
1199 1436 1223 1483 83

182 1530 297 1603 σίθεος
324 1528 384 1592 τὸν
411 1525 598 1612 ἀρκτοῦρον
627 1525 778 1612 ἀνίσχειν
810 1537 1012 1611 σημειοῦται.
1062 1538 1101 1614 τῇ
1130 1528 1185 1613 πρὸ

181 1633 324 1698 δεκαδύο
339 1635 523 1698 Καλενδών
535 1631 744 1719 Ὀκτωβρίων
762 1634 780 1699 δ
799 1637 930 1719 Καῖσαρ
949 1636 1008 1711 τὰς
1025 1637 1186 1719 χελιδόνας

181 1738 336 1824 ἐκδημεῖν
359 1739 455 1823 λέγει.

141 1875 168 1914 ιε
251 1847 314 1910 129
317 1895 434 1910 .....
453 1846 669 1930 Νικομήδους
691 1855 752 1912 τοῦ
776 1850 944 1924 Βιθυνίας
967 1849 1140 1934 τυράννου.
1198 1860 1239 1942 83,

141 1965 168 2018 Y
251 1953 323 2018 130.
334 1951 404 2018 “On
418 1954 663 2029 πλεονάσαντος
675 1949 737 2037 μέν
750 1954 856 2040 πυρὸς
870 1956 1012 2040 πυρετὸς
1025 1959 1156 2038 γίνεται,
1163 1962 1220 2016 11141
1238 1945 1239 1957 ’

182 2058 386 2145 άφημερινὸς
410 2057 447 2125 δὲ
470 2059 581 2146 ἀέρος,
609 2069 755 2145 τριταῖος
781 2057 819 2126 δέ
845 2060 982 2145 ὕδατος,
1010 2071 1183 2149 τεταρταῖος

181 2162 220 2231 δὲ
234 2176 302 2250 γῆς.
339 2172 431 2251 φιλεῖ
445 2163 483 2231 δέ
500 2167 628 2232 τούτων
646 2169 888 2254 προκατάρχειν
903 2169 941 2232 τὸ
961 2168 1064 2254 ῥῖγος.
1100 2169 1182 2234 ὁπότ·
1237 2179 1238 2246 3

182 2296 225 2337 αν
252 2275 316 2358 γάρ
345 2273 410 2338 ὑπὸ
437 2282 498 2338 τοῦ
526 2283 657 2360 ψυχροῦ
682 2312 724 2322 -
748 2273 861 2358 ἐπειδὴ
884 2283 984 2339 τοῦτο
1008 2275 1098 2340 ίδιον
1116 2275 1183 2339 ὕδα-
1237 2251 1238 2277 ³

142 2407 170 2446 το
183 2382 238 2455 τός
261 2403 296 2444 τε
318 2378 374 2444 καὶ
397 2389 457 2464 γῆς
480 2418 520 2426 -
546 2381 586 2444 τά
614 2379 769 2465 εἰρημένα
796 2381 883 2463 ὑγρά
908 2388 1081 2468 παχυνθῇ,
1106 2404 1182 2464 τηνι-

182 2495 286 2550 καῦτα
309 2489 477 2572 φερόμενα
500 2487 556 2551 διδ
578 2498 646 2552 τών
669 2485 887 2572 ἀραιωμάτων
911 2485 1050 2565 ἐξωθεῖν
1072 2485 1130 2574 μέν
1148 2485 1181 2552 οὐ
1236 2535 1237 2574 ,

182 2592 323 2657 δύναται
359 2594 399 2657 τά
433 2596 634 2679 πυκνότερα,
671 2593 853 2678 ἐμπεσόντα
891 2590 929 2659 δέ
965 2604 1038 2672 ταῖς
1069 2597 1181 2661 τούτων
1236 2575 1237 2595 ³

181 2695 295 2783 ἕδραις
318 2699 465 2764 σύνωσιν
492 2698 548 2766 καὶ
569 2703 693 2778 θλίψιν
715 2698 897 2785 ἐργάζεται,
925 2699 1039 2787 μέχρις
1067 2702 1107 2768 δν
1126 2699 1179 2768 ὑπὸ

183 2814 244 2871 τοῦ
266 2806 372 2891 πυρὸς
395 2805 589 2892 ἐπειγόμενα
612 2805 779 2893 τμηθέντα
804 2809 964 2894 διαχυθῇ,
993 2809 1074 2896 ὅπερ
1097 2807 1180 2888 ἀναγ-
1235 2835 1236 2915 χ

254 3071 279 3106 v.
296 3058 309 3106 1
330 3051 461 3105 Eudoxus
480 3051 667 3107 Wachsmuth
686 3053 720 3107 de
739 3057 791 3108 ost.
809 3073 836 3124 p.
852 3060 903 3109 29⁷
921 3071 963 3110 nr.
980 3060 1013 3109 19
1090 3060 1120 3108 11
1137 3052 1178 3106 Do·

183 3122 291 3177 sitheus
310 3121 379 3176 ibid.
397 3139 438 3177 nr.
455 3127 489 3176 20
562 3129 596 3177 13
615 3123 717 3179 Caesar
734 3124 803 3180 ibid.
822 3143 863 3180 nr.
878 3131 911 3180 21

255 3359 311 3407 αθ
331 3353 445 3420 εὔδοξος
461 3357 526 3424 post
544 3355 665 3410 δέεσθαι
683 3356 711 3409 Β
789 3355 926 3425 ὅτωσάρι
944 3357 973 3411 Α
1051 3353 1177 3411 όὼοελΒ

184 3423 391 3492 8περιάπαται
408 3425 436 3479 Α
509 3424 642 3490 9κόιιοις
657 3427 684 3481 Α
700 3427 704 3497 l
720 3435 753 3499 τῇ
772 3426 850 3482 omis.
865 3429 894 3481 B
967 3433 1000 3481 11
1019 3425 1176 3488 δεοίθεοςλ,

185 3493 321 3558 δωσίθεος
339 3497 365 3549 A
386 3539 392 3565 ‚
412 3493 543 3560 δοσόδεος
561 3498 589 3551 Β
662 3504 695 3553 16
714 3496 758 3552 ὅτι
775 3497 982 3563 πλεονάσαντος
994 3531 1031 3542 -
1042 3519 1071 3582 μ.
1086 3505 1138 3566 161,
1152 3501 1175 3549 lb

184 3561 292 3634 ἐγένετο
316 3567 350 3634 Υ,
367 3535 412 3621 δτι
430 3567 683 3632 πλεονάσαντος-
699 3576 759 3639 161,
775 3577 790 3624 2
810 3569 975 3640 ὀνομάζεται
993 3588 1072 3628 οουε.
1090 3571 1117 3625 D
