2556 3996
194 185 238 249 46
559 187 668 241 LIBER
686 186 840 242 TERTIUS

98 356 178 412 XYS
193 346 369 433 ἑβδομαίοις
384 350 442 425 τάς
451 350 575 426 Νάνας
589 348 783 435 ἐσήμαινον·
800 350 819 416 ὑ
833 351 898 436 γάρ
911 348 1054 435 ἕβδομος
1067 349 1211 434 ἀριθμὸς

122 453 308 519 ΧΥἩλίου
335 453 440 540 ἐστίν,
468 456 513 532 ὡς
535 459 727 542 ἔμπροσθεν
749 464 886 544 είρηται.
932 457 1037 540 δῆλον
1058 457 1121 542 γὰρ
1149 456 1210 539 τήν

193 556 255 644 μέν
278 559 452 646 ἐλαχίστην
479 571 537 646 τής
564 566 704 648 σελήνης
729 565 889 650 περίοδον
916 570 1022 630 είκοσι
1051 560 1107 628 καὶ
1129 560 1209 627 έπτδι

192 667 326 753 ἡμερῶν
355 663 441 734 εἶναι
471 668 526 736 καὶ
556 671 653 755 ὡρῶν
682 694 800 755 τινων,
829 679 890 736 τοῦ
914 666 952 736 δέ
974 671 1085 756 φωτὸς
1111 668 1209 752 ἐγγὺς

158 776 383 861 Βτριάιιοντα,
419 775 464 852 ὡς
497 773 553 840 καί
588 776 609 860 ἡ
642 773 704 862 μὲν
735 786 796 843 τοῦ
829 783 1027 861 σεληνιακοῦ
1060 777 1208 861 σώματος

167 879 275 966 ομέση
299 881 561 959 ἀποκατάστασις
588 883 609 967 ἡ
637 885 888 969 τρισκαιδεκάτη
912 883 1018 967 ἐστίν,
1044 883 1065 967 ή
1089 879 1127 948 δέ
1149 891 1207 948 τοῦ

153 999 179 1052 X
192 989 303 1073 φατὸς
326 993 510 1074 μεσομηνία
536 991 611 1076 ήτοι
633 989 653 1073 ή
677 991 960 1074 πεντεκαιδεκάτη.
1005 991 1119 1077 πρώτη
1142 993 1206 1056 τοί-

193 1119 258 1160 νυν
271 1094 291 1178 ἡ
307 1100 476 1181 νεομηνία,
494 1095 527 1175 ἐξ
540 1091 581 1180 ής
594 1099 674 1173 ἐθος
683 1096 853 1181 Ῥωμαίοις
866 1102 1047 1184 προκαλείν
1060 1097 1122 1180 τήν
1134 1098 1207 1162 δεν

123 1211 178 1264 ΧΥ
191 1199 291 1287 τέραν
314 1201 442 1289 ἑορτήν,
465 1202 615 1269 τουτέστι
637 1205 696 1280 τὰς
718 1204 854 1281 Νάνας·
877 1201 942 1269 είσί
964 1199 1003 1268 δέ
1025 1203 1122 1288 μέσαι
1145 1202 1205 1268 ἀπὸ

152 1331 179 1370 ιο
193 1316 251 1390 τῆς
272 1313 449 1394 νεομηνίας
476 1312 552 1395 άχρι
579 1321 647 1375 τῶν
673 1313 806 1375 Νυνῶν
827 1309 849 1393 ή
867 1309 1023 1397 τέσσαρες
1044 1309 1066 1393 ή
1089 1309 1138 1393 ἐξ,
1164 1310 1206 1384 ὡς

192 1418 369 1498 γίγνεσθαι
400 1418 458 1493 τάς
488 1417 597 1493 πάσας
628 1418 692 1481 σὺν
722 1414 778 1481 καὶ
810 1415 892 1503 αὐτῇ
927 1426 967 1503 τῇ
997 1419 1156 1502 νεομηνία
1185 1414 1202 1497 ή

191 1519 290 1587 πέντε
311 1521 333 1605 ή
356 1520 444 1588 έπτά.
490 1529 523 1588 εί
542 1547 592 1600 τις
615 1517 678 1589 οὗν
700 1522 765 1589 ἀπὸ
792 1532 850 1608 τῆς
872 1526 1054 1608 πεμπταίας
1070 1521 1132 1600 ,καί
1150 1522 1202 1586 αὑ-

192 1638 250 1713 τῆς
286 1628 382 1695 ἐννέα
417 1634 728 1715 προσεπιλογίσεται
764 1629 887 1717 ἡμέρας
919 1669 962 1679 -
994 1630 1077 1714 αὑτη
1114 1626 1151 1694 δὲ
1184 1627 1202 1710 ἡ
1263 1679 1264 1710 ,

152 1745 178 1798 Υ
191 1739 367 1820 προσθήκη
394 1738 484 1822 παρά
510 1735 681 1821 Ῥωμαίοις
712 1741 831 1802 Νῶναι
861 1742 1009 1803 καλεῖται
1041 1734 1115 1802 ἀντὶ
1146 1743 1202 1801 τοῦ

152 1862 178 1902 15
192 1839 301 1907 ἐννέα·
329 1851 487 1908 τοσαῦται
519 1845 582 1928 γάρ
611 1844 698 1908 εἰσιν
721 1880 763 1890 -
787 1843 920 1928 εὑρήσει
942 1845 1004 1928 τήν
1031 1843 1067 1910 ἐκ
1089 1851 1201 1930 μικρᾶς

192 1955 386 2033 σεληνιακῆς
404 1946 669 2015 ἀποκατάστασιν
687 1948 800 2035 μέσην,
818 1949 969 2017 τουτέστι
986 1951 1049 2034 τήν
1062 1967 1200 2036 τρισκαι-

192 2056 346 2140 δεκάτην·
379 2055 483 2132 οὑτως
514 2054 569 2121 καί
602 2054 656 2120 ἐπί
692 2065 749 2141 τῆς
787 2054 965 2142 ἕβδομαίας
1000 2055 1070 2143 μετ’
1106 2057 1199 2138 αὐτῆς

124 2173 181 2228 ΧΥ
194 2163 351 2250 ἀριθμῶν
368 2165 427 2240 τάς
445 2161 541 2228 ἐννέα
558 2163 692 2249 εὑρήσει
709 2164 771 2247 τήν
785 2173 846 2230 τοῦ
865 2165 975 2249 φωτὸς
992 2151 1198 2249 μεσομηνίαν,

151 2284 177 2337 Χ
191 2268 341 2336 τουτέστι
351 2272 413 2355 τήν
425 2271 728 2353 πεντεκαιδεκάτην.
751 2270 948 2357 ἀποφράδας
962 2267 999 2336 δέ
1008 2269 1198 2346 πάντυςτδς

152 2403 178 2442 εο
191 2379 314 2454 Νάνας
338 2372 442 2462 εἶχον,
471 2386 535 2442 νῦν
557 2373 620 2461 μὲν
643 2378 687 2453 ὡς
710 2375 773 2442 ἀπὸ
796 2385 854 2459 τῆς
877 2381 1060 2462 πεμπταίας
1082 2368 1197 2442 νῦνδὲ

191 2486 236 2561 ὡς
258 2483 322 2549 ἀπὸ
347 2485 541 2569 διχοτόμου,
564 2479 648 2568 μηδέ
671 2483 868 2568 ὠνομάσθαι
890 2482 911 2567 ή
934 2484 1060 2568 ταύτην
1081 2483 1102 2567 ή
1124 2481 1196 2547 ἐκεί·
1261 2505 1262 2532 1

190 2614 255 2674 νην
276 2591 338 2674 τήν
357 2591 460 2675 φάσιν
476 2588 712 2674 ὑπομένοντες,
735 2577 819 2656 ἀλλά
836 2591 898 2674 τήν
916 2592 996 2675 μετὰ
1015 2588 1111 2656 ἐννέα
1128 2584 1195 2673 ήμέ-

262 2783 286 2819 v.
302 2770 316 2817 1
338 2764 372 2819 of.
386 2764 413 2818 Π
428 2770 460 2817 12
480 2783 506 2834 p.
521 2769 565 2834 33,
580 2769 614 2819 10

262 2931 313 2980 v.1
337 2924 485 2994 ἐσήμαινεν
498 2925 574 2993 DS!
591 2924 740 2997 ἑβδομαῖος
757 2925 788 2978 Y
855 2929 871 2978 2
889 2922 970 2994 ἡλίου
988 2922 1063 2980 ἐστίν
1080 2927 1131 2979 eet.
1144 2923 1191 2976 des.
1260 2915 1261 2926 ¹

189 2997 213 3053 S
282 3003 298 3051 3
318 2995 546 3051 ἀποκατάστασιν
569 2997 598 3050 Y
619 2994 753 3065 περίοδον
771 2997 803 3049 Χ
873 2993 1060 3064 ὂτρίακοντα
1082 2997 1116 3064 Υ,
1139 2987 1193 3061 τριά

190 3068 236 3138 ἐτη
251 3069 283 3122 Χ
297 3071 301 3137 Ι
318 3065 360 3122 δτι
378 3067 396 3137 ἡ
411 3065 462 3137 μέν
475 3076 525 3122 τοῦ
540 3070 703 3138 σεληνιακοῦ
718 3099 752 3108 -
768 3072 782 3119 ’ί
801 3065 1035 3136 πεντεκαιδεκάτη
1050 3068 1078 3136 S,
1097 3083 1145 3138 pro
1157 3062 1192 3117 δτι

189 3139 271 3210 posui
290 3140 327 3203 ὡς
345 3140 413 3210 καλΙ
435 3139 471 3201 ὡς
489 3140 586 3193 καλ-
602 3145 616 3194 7
635 3136 868 3207 πεντεκαιδεκάτη
888 3137 966 3192 omis,
986 3138 1029 3208 X,
1053 3139 1091 3201 ὦς
1107 3138 1152 3192 καί
1164 3163 1191 3174 -

190 3217 206 3265 9
221 3211 326 3273 Νάνας
335 3209 413 3266 omis.
427 3211 456 3264 Y
514 3215 529 3263 ’ί
545 3209 606 3278 ἤτοι
616 3210 766 3264 delendum
776 3211 871 3263 censet
884 3208 936 3264 (δυ.
946 3209 1025 3263 Kroll
1085 3214 1101 3263 8
1118 3221 1191 3276 προο-

189 3285 285 3338 καλεῑν
303 3283 331 3336 Β
440 3287 474 3336 10
493 3280 521 3350 ἓξ
545 3279 615 3336 καθ’
634 3279 667 3337 ὃν
689 3278 816 3352 ἐλέγομεν
838 3277 944 3348 τρόπον
966 3281 1003 3344 ὡς
1024 3277 1152 3350 γίνεσθαι
1171 3272 1194 3328 Y

190 3359 222 3408 11
242 3361 275 3424 τή
294 3352 373 3408 omis.
393 3354 425 3407 X
440 3351 477 3425 ήδη
496 3352 575 3409 οιυίε.
591 3354 623 3406 Χ
693 3357 726 3405 13
744 3349 985 3422 προεπιλοηίσεται
1009 3351 1081 3421 ΥΒ,
1104 3364 1191 3419 προσε·
1259 3395 1260 3398 ,

188 3421 377 3495 πιλογίσαιται
394 3427 422 3480 Δ
496 3430 530 3478 14
547 3427 699 3479 καλοῦνται
718 3424 768 3493 ΧΙ
788 3423 853 3478 ἀντὶ
866 3455 900 3463 -
917 3428 950 3476 18
969 3419 1051 3478 έννέα
1071 3421 1146 3477 omis.
1161 3417 1190 3482 Α,

189 3495 254 3551 ἀντὶ
266 3527 301 3535 -
317 3502 349 3550 18
369 3493 540 3566 μεσομηνίαν
564 3496 666 3549 desunt
684 3496 711 3549 B
803 3500 836 3547 19
855 3493 1025 3563 ἀποφράδας
1038 3526 1073 3534 -
1087 3512 1114 3564 p.
1127 3492 1189 3559 4⁷‚2

190 3566 351 3636 ἐπιτήρησιν
370 3567 448 3623 omis.
467 3569 496 3622 Y
509 3569 513 3640 Ι
528 3565 638 3631 πάντας
655 3567 683 3620 Β

1242 3759 1259 3964 λ
