2556 3996
179 207 223 271 20
564 205 673 259 LIBER
691 205 812 259 ALTER

71 373 336 454 ΧΥΗΡῦλόγον,
359 369 424 435 ἀπὸ
452 372 655 454 μεσημβρίας
677 370 738 452 τὴν
761 369 867 455 ἄρχὴν
888 378 948 452 τὴς
970 367 1093 455 ἡμέρας
1117 375 1199 454 λαμ-

181 477 359 562 βοίνουσιν,
387 475 449 553 ἕως
470 477 574 541 πάλιν
598 484 656 558 τὴς
684 476 785 559 ἄλλης
811 479 1016 562 μεσημβρίας
1042 479 1125 562 μίαν
1149 474 1200 542 λέ-

150 633 156 646 .
181 607 297 666 γοντες
319 581 456 670 ἡμέραν,
485 584 594 668 ὥσπερ
617 579 673 646 καὶ
695 583 729 646 οἱ
752 581 951 667 ἀστρολόγοι
974 580 1028 647 ἐπὶ
1050 593 1123 660 ταῖς
1147 607 1200 665 γε·

139 701 167 753 Η
181 690 321 757 νέσεσιν.
371 688 546 774 Ἀθηναῖοι
582 685 621 754 δὲ
652 685 707 753 καὶ
741 686 838 754 αὐτοὶ
874 687 939 754 ἀπὸ
975 691 1115 773 δυσμῶν
1153 691 1199 764 εἰς

113 807 166 860 ΗΡ
182 798 310 882 δυσμὰς
329 799 439 882 ὥσπερ
457 795 513 861 καὶ
527 798 560 862 ολ
574 795 733 881 Ἑβραῖοι,
752 794 903 880 Ῥωμαίοι
922 792 959 860 66
976 797 1014 860 τὸ
1033 792 1096 880 μὲν
1108 806 1199 881 πρῶ-

154 923 241 969 θτον
270 909 330 967 ίσα
355 912 426 977 τοῖς
456 904 687 985 Βαβυλωνίοις
715 902 798 966 κατὰ
826 901 886 966 τὸν
916 902 1062 985 φυσικὸν
1091 905 1198 987 νόμον

180 1007 236 1076 λαὶ
250 1007 345 1074 αὐτοὶ
363 1009 425 1091 τὴν
441 1008 568 1094 ἡμέραν
586 1012 694 1093 μόνην
712 1007 777 1073 ἀπὸ
796 1006 969 1074 ἀνατολῶν
987 1009 1086 1093 ἡλίου
1100 1008 1196 1094 μέχρι

181 1117 319 1199 δυσμῶν
340 1113 467 1201 ἡμέραν
489 1117 662 1200 ὡρίζοντο,
689 1116 752 1198 τὴν
774 1114 879 1180 νύκτα
901 1112 1007 1200 μηδὲν
1029 1119 1196 1200 λογιζόμε-

181 1242 249 1288 νοι·
276 1221 418 1308 ὕστερον
445 1217 482 1286 δέ
509 1220 574 1286 ἀπὸ
602 1221 703 1306 μέσης
729 1221 850 1298 νυκτὸς
876 1223 983 1305 ἡγουν
1010 1231 1068 1306 της
1095 1221 1195 1307 ἀρχῆς

141 1347 167 1385 10
180 1338 239 1414 της
271 1327 413 1413 ἑβδόμης
443 1329 530 1413 ὥρας
566 1328 667 1412 αὐτῆς
702 1326 758 1393 καὶ
790 1326 851 1404 ἕως
883 1327 983 1413 μέσης
1009 1329 1112 1395 πάλιν
1139 1337 1222 1424 τῆς.

181 1435 339 1520 ἐπιούσης
360 1436 480 1511 νυκτὸς
505 1433 677 1499 έτύπωσαν
699 1435 761 1517 τὴν
782 1432 909 1519 ἡμέραν
926 1433 982 1499 καὶ
1000 1439 1192 1520 νομίζεσθαι
1257 1451 1258 1470 λ

180 1539 236 1607 καὶ
249 1542 489 1626 Ιόνομοίζεσθαι.

140 1696 164 1750 X
247 1686 276 1749 3.
305 1685 442 1760 Πάντας
464 1685 542 1758 τοὺς
565 1682 719 1768 ῥυθμοὺς
738 1682 774 1748 ἐκ
791 1692 850 1766 τῆς
872 1695 939 1748 τῶν
961 1687 1138 1768 πλανήτων
1147 1692 1236 1751 ΒιΠ,ι

181 1793 342 1874 κινήσεως
365 1785 453 1855 εἶναι
476 1792 665 1873 συμβαίνει·
688 1789 706 1855 6
731 1785 792 1873 μὲν
814 1791 878 1875 γὰρ
902 1793 1035 1876 Κρόνος
1056 1800 1104 1879 τῷ
1120 1797 1192 1856 Λω-

141 1925 167 1965 15
183 1900 255 1984 ρίμ,
279 1895 296 1961 6
321 1893 358 1961 δὲ
378 1898 464 1973 Ζεὺς
486 1901 532 1984 τ’ςό
554 1900 703 1985 Φρυγίῳ,
727 1895 744 1961 6
769 1894 914 1982 δ”Ἁρης
937 1904 984 1984 τῷ
1003 1898 1119 1986 Λυδίη]
1141 1895 1194 1962 καὶ

181 2004 213 2068 ολ
235 2000 346 2069 λοιποὶ
365 2014 436 2080 τοῖς
460 2009 589 2081 λοιποίς
612 2013 785 2070 κινοῦνται
808 2005 890 2069 κατὰ
908 2004 968 2069 τὸν
986 2007 1193 2090 Πυθαγόραν

179 2111 263 2196 πρὸς
285 2111 345 2175 τὸν
368 2106 451 2195 ἡηον
474 2121 541 2176 τῶν
561 2109 777 2196 φωνηέντων·
801 2110 819 2176 6
838 2107 900 2195 μὲν
917 2113 980 2196 γὰρ
996 2109 1120 2196 Ἑρμοῦ
1137 2111 1191 2174 τὸν

181 2227 217 2300 ᾱ,
244 2217 263 2283 6
287 2215 316 2281 6’
340 2215 539 2302 Ἀφροδίτης
565 2217 629 2282 τὸν
647 2224 680 2301 ἓ,
708 2217 725 2283 6
754 2216 784 2282 θ’
804 2215 923 2293 Ἥλιος
949 2218 1008 2282 τὸν
1035 2226 1072 2300 η,
1099 2213 1190 2281 καλό

181 2320 242 2407 μέν
277 2333 338 2389 τοῦ
370 2327 507 2410 Κρόνου
543 2325 602 2388 τὸν
637 2325 666 2408 i,
704 2324 722 2390 6
761 2319 799 2389 δὲ
833 2333 894 2389 τοῦ
921 2321 1038 2409 ’Ἀρεος
1075 2325 1134 2388 τὸν
1163 2331 1189 2404 ὁ,

141 2462 167 2500 ιο
180 2427 235 2494 καὶ
258 2433 391 2515 Σελὴνη
414 2430 475 2494 τὸν
497 2439 533 2512 ῦ,
566 2430 584 2495 ὅ
608 2454 646 2512 γε
669 2431 736 2515 μὴν
758 2439 818 2496 τοῦ
840 2431 925 2507 Διὸς
952 2430 1055 2515 ἀστὴρ
1083 2431 1141 2496 τὸν
1166 2437 1189 2492 ω

126 2543 131 2556 ”
183 2536 316 2622 ῥυθμὸν
339 2535 571 2602 ἀποτελοῦσιν·
595 2536 613 2601 6
638 2533 675 2601 δὲ
699 2532 779 2621 ἡχος
801 2546 869 2601 τῶν
887 2535 1029 2621 ῥυθμῶν
1048 2539 1093 2614 ὡς
1111 2537 1189 2622 ἡμᾶς

182 2643 243 2709 οὐκ
264 2642 453 2727 ἀφικνεῖται
475 2644 531 2707 διὰ
554 2643 615 2725 τὴν
638 2641 829 2708 ἀπόστασιν.

252 2959 277 2994 v
298 2946 311 2993 1
332 2940 390 2995 ἀπὸ
413 2938 582 3012 μεσημβρίας
604 2940 644 3003 εἰς
662 2939 867 3066 μεσημβρίαν(
857 2941 908 3010 (εἰς
916 2938 1099 3022 μεσημβρίαν
1118 2940 1190 2996 omis.

186 3011 270 3073 Y)
241 3031 292 3081 την
306 3009 413 3081 ἡμέραν
428 3010 527 3083 ἔλαβον
545 3012 607 3082 (τὴν
624 3009 731 3081 ἡμέραν
762 3015 777 3065 λ
778 3013 849 3137 Ιβον
868 3012 946 3066 omis.
966 3013 1000 3083 S)
1020 3014 1052 3067 Χ
1059 3013 1153 3082 Ys
1140 3013 1191 3068 απὸ

182 3081 266 3153 μέσης
288 3083 328 3145 εἰς
348 3080 433 3152 μέσην
452 3082 522 3176 έλαβ
504 3084 556 3155 βου
577 3083 611 3152 τὴ
612 3104 629 3138 ν
594 3080 757 3208 ἡὴμέραν
894 3089 910 3136 3
929 3081 1054 3154 λέγοντες
1076 3057 1190 3153 ἡμέραν

182 3151 351 3246 ᾇωμαίοιβὲ
366 3155 394 3208 Ρ
416 3156 420 3225 Ι
446 3153 581 3223 ὥσπερ-
546 3151 692 3226 -4γενέ
692 3171 766 3209 σεσιν
790 3154 868 3209 omis.
883 3155 947 3209 XP
1016 3162 1034 3208 4
1057 3155 1192 3225 ἀθηναῑοι

183 3224 264 3350 δὲί
278 3232 294 3280 5
308 3222 428 3352 ῗμίισῖοοὴ
451 3224 793 3366 7ίλεπὴιήοίνοτιὴολῖιῑιίὴνὴλωιίοτυὰ
805 3226 866 3350 &Ay
879 3227 1009 3365 όῖἡσικὴν
1030 3224 1103 3352 6666)
1104 3226 1193 3354 1ίιντιὴε

184 3317 360 3438 αὴιόραηίέσηὲ
371 3369 472 3431 νυκτὸς
492 3369 533 3431 είς
558 3366 644 3438 μέσην
668 3368 756 3423 νόκτα
778 3307 1003 3437 ἡρίθςμησαὴιω
962 3370 997 3422 H
1085 3318 1112 3424 Βρ
1125 3368 1192 3424 κατὰ

183 3439 233 3492 τὸν
249 3440 369 3508 φυσικὸν
386 3437 474 3508 νόμον
484 3456 562 3493 omls
582 3441 611 3492 Ρ
672 3444 706 3493 10
721 3438 772 3502 ἕως
784 3447 834 3508 τῆς
845 3437 912 3508 μέ
915 3440 971 3502 ςΡ
1032 3445 1065 3494 16
1080 3449 1192 3495 ανοῦται

183 3511 225 3577 A,
245 3519 389 3564 ποιοῦνται
407 3512 458 3564 A2
540 3516 572 3564 18
592 3511 662 3564 τό“
644 3532 670 3578 α,
688 3511 720 3565 τὸ
740 3529 753 3564 ε
771 3509 830 3564 rell
850 3512 886 3579 Β,
905 3510 974 3565 τὸ·
956 3531 983 3578 α,
1001 3510 1093 3579 τὸνὲ,
1110 3512 1192 3568 τὸνῦ

184 3578 244 3634 rell.
262 3581 299 3648 A,
317 3581 348 3634 τὸ
368 3599 381 3634 ε
400 3581 459 3635 rell.
480 3598 548 3636 corr.
567 3582 617 3636 A2
