2524 3984
465 193 672 251 PRAEFATIO
989 195 1080 252 XXXI

71 363 164 422 licebit
186 365 245 423 nisi
269 363 449 439 descriptum
473 381 535 422 esse
558 363 637 422 hunc
659 366 823 423 tractatum
842 362 1023 440 sibyllinum
1044 384 1079 424 ex

69 453 178 530 integro
203 453 304 528 aliquo
327 442 398 511 libri
421 452 456 511 da
475 451 626 512 mensibus
644 452 753 527 codice,
777 452 829 529 qui
848 453 1079 529 epitomatorum

69 561 186 616 pravam
204 542 395 601 sedulitatem
408 559 514 617 passus
528 540 660 600 nondum
674 543 748 616 erat,
766 541 894 601 fortasse
908 560 927 600 a
941 541 1005 601 viro
1025 543 1078 601 ali·

72 649 124 706 quo
142 631 237 706 docto,
261 631 308 689 cui
330 630 404 689 haec
427 629 554 689 materia
573 629 655 689 cordi
673 632 746 689 erut.
784 629 875 689 simili
894 631 973 690 enim
991 631 1079 690 modo

70 720 181 796 saepius
200 719 316 794 accidit,
339 723 373 779 ut
392 719 424 777 in
447 718 546 778 codice
570 719 709 794 quodam,
733 719 785 795 qui
808 719 924 778 nullum
942 723 1079 796 apertum

71 827 132 866 cum
148 807 311 868 Laurentio
329 828 438 866 nexum
455 807 574 883 babeat,
596 811 698 867 tamen
716 807 837 886 singula
855 808 1025 887 fragmenta
1044 829 1079 868 ex

72 897 180 975 integro
204 897 240 957 de
269 897 420 956 mensibus
450 896 527 956 libro
558 899 696 973 excerpta
728 901 900 973 occurrant,
934 916 1011 974 quae
1033 918 1078 956 re-

72 985 214 1062 liquorum
251 986 386 1046 codicum
421 986 593 1047 testimonio
630 985 669 1044 ad
703 985 791 1045 illum
825 1005 965 1046 revocare
1001 985 1079 1047 licet.

74 1075 155 1134 huius
177 1075 294 1154 generis
317 1075 520 1152 fragmentum
541 1074 619 1134 illud
646 1072 713 1156 περὶ
739 1074 846 1156 χάρτου
874 1079 932 1152 ost,
961 1076 1041 1152 quod
1064 1095 1080 1134 e

72 1162 232 1224 Parisino
256 1183 387 1243 graeco
413 1166 496 1223 1231
523 1163 673 1240 quondam
697 1163 790 1223 edidit
811 1164 1026 1224 Boissonadius
1048 1165 1080 1223 iu

73 1252 216 1312 anecdotis
246 1253 360 1332 graecis
392 1254 451 1313 vol.
474 1253 490 1311 I
511 1272 541 1329 p.
565 1255 644 1327 4203
677 1272 731 1331 ego
764 1253 814 1329 iis,
848 1273 925 1330 quae
958 1255 995 1313 de
1027 1254 1080 1314 illo

74 1341 203 1402 editionis
226 1363 256 1419 p.
281 1343 386 1418 13,11
409 1361 477 1418 app.
501 1341 571 1418 dixi,
595 1342 675 1418 quod
698 1341 807 1401 addam
829 1362 890 1403 non
911 1342 1015 1402 habeo.

134 1429 244 1500 Quodsi
266 1451 337 1491 voro
360 1434 476 1490 rectum
499 1431 536 1490 de
558 1430 611 1490 illo
634 1430 743 1491 codicis
761 1431 891 1490 Parisiui
915 1433 980 1491 854
1002 1435 1080 1491 trac·

74 1521 136 1578 tatu
167 1520 311 1580 iudicium
346 1520 486 1596 tulimus,
527 1520 624 1599 legem
660 1519 721 1580 iam
751 1524 883 1581 statuere
913 1539 1080 1597 possumus,

75 1626 158 1682 quam
193 1609 303 1669 secutis
339 1608 424 1670 nobis
462 1609 523 1668 alie
564 1628 683 1686 quoque
722 1609 892 1686 fragmenta
932 1627 1081 1685 anonyma

76 1693 223 1757 Laurentii
245 1698 321 1758 libro
345 1699 381 1757 de
404 1698 555 1758 mensibus
577 1698 729 1758 vindicare
752 1699 862 1757 licebit.
898 1697 1081 1774 ubicumque

77 1786 147 1844 enim
174 1787 304 1847 occurrit
329 1789 479 1847 tractatus
504 1787 628 1864 aliquis,
653 1788 739 1846 cuius
761 1787 853 1847 verba
875 1806 894 1846 a
916 1787 1020 1863 primis
1043 1787 1082 1846 ad

78 1877 199 1935 extrema
222 1875 303 1935 idem
326 1880 468 1936 secuntur
497 1876 614 1936 dicendi
643 1894 736 1954 genus
767 1896 861 1953 eoque
891 1896 951 1937 non
975 1895 993 1934 a
1015 1877 1081 1952 plu·

77 1961 157 2041 ribus,
176 1965 227 2024 sed
242 1965 279 2024 ab
298 1985 357 2026 uno
372 1966 435 2026 solo
455 1967 577 2026 auctore
596 1965 765 2041 conscripta
783 1965 923 2025 videntur
938 1984 1009 2041 esse,
1029 1965 1081 2024 ubi

76 2069 154 2126 porro
180 2054 264 2114 illius
291 2056 440 2114 tractatus
467 2055 595 2114 materia
627 2053 702 2114 adeo
729 2053 786 2113 sibi
819 2057 948 2128 constat,
980 2057 1015 2112 ut
1047 2072 1082 2112 ex

76 2158 129 2200 uno
150 2143 232 2203 fonte
255 2143 373 2221 integra
396 2143 531 2203 derivata
554 2161 616 2202 esse
640 2143 759 2219 debeat,
787 2143 910 2218 eiusque
933 2142 1082 2219 pulticula

78 2228 194 2307 denique
231 2232 335 2308 aliqua
371 2232 519 2291 consentit
550 2250 618 2291 cum
651 2231 702 2307 iia,
740 2250 814 2308 quos
845 2231 1083 2290 Laurentianum

77 2316 145 2377 illud
166 2339 241 2397 opus
270 2320 420 2380 continere
450 2322 568 2380 constat
595 2320 745 2380 codicibus
770 2319 899 2396 OXYS,
930 2320 1083 2398 integrum

77 2404 153 2466 illum
179 2412 345 2468 tractatum
367 2409 501 2486 Lydiano
532 2409 615 2485 operi
641 2407 708 2488 περὶ
736 2417 840 2487 μηνῶν
866 2409 994 2468 inserere
1022 2428 1082 2469 non

77 2494 279 2557 dubitabimus.
330 2499 421 2574 atque
453 2499 571 2574 saepius
600 2498 721 2574 quidem
752 2498 808 2558 huc
838 2498 904 2576 lege
936 2498 1083 2557 utendum

78 2584 127 2643 en't
157 2587 363 2648 evolventibus
395 2588 526 2647 codicem
553 2587 758 2646 Parisinum
790 2605 958 2665 graecum
988 2588 1081 2660 1630,

78 2670 279 2752 bombycinum
307 2695 328 2734 s.
347 2677 426 2751 XIV,
451 2696 540 2752 quem
563 2675 587 2735 P
610 2680 682 2736 nota
705 2675 887 2754 significabo.
927 2675 1082 2752 descripsit
1110 2697 1136 2726 co

78 2759 156 2822 illum
176 2765 332 2825 Fabricius
359 2765 390 2822 iu
412 2765 600 2825 Bibliotheca
627 2783 748 2842 graeca,
779 2764 917 2824 editionis
945 2764 982 2823 ab
1005 2764 1082 2822 Har·

78 2848 143 2910 lesio
161 2859 281 2913 curatae
301 2857 321 2912 t.
341 2854 384 2912 XI
401 2874 429 2930 p.
451 2855 512 2914 566
533 2873 607 2930 sqq.‚
630 2854 682 2912 ubi
701 2871 848 2929 quasnam
866 2872 912 2912 res
931 2853 1083 2914 contineat

78 2943 236 3002 accuratius
261 2947 448 3002 enumeratas
476 2936 628 3019 reperies.¹
673 2945 766 3018 atque
793 2943 856 3000 iam
886 2943 1005 3020 singula
1035 2961 1082 3001 ex·

78 3033 185 3107 cerpta,
218 3035 365 3108 quatenus
398 3032 519 3108 quidem
552 3031 591 3089 ad
620 3030 738 3108 Lydum
767 3031 907 3090 videntur
939 3033 1082 3107 spectare,
1130 3055 1134 3062 ¹

78 3120 264 3197 contemplari
292 3121 382 3180 liceat
411 3123 514 3180 eodem
544 3121 666 3196 quidem
696 3120 807 3197 ordine,
839 3139 897 3198 quo
926 3123 1029 3179 extant
1050 3119 1082 3176 in

80 3203 205 3268 editione.

139 3295 250 3358 Codicis
273 3298 298 3357 P
321 3298 393 3359 folio
419 3302 495 3360 113r
509 3317 572 3374 sqq.
601 3301 741 3358 exaratus
771 3300 817 3358 est
846 3299 993 3356 tractatus
1017 3295 1081 3372 qui·

79 3422 280 3438 Ἢ

145 3501 205 3557 ¹de
224 3503 324 3558 eodem
342 3504 438 3560 codice
457 3505 517 3577 egit
542 3522 606 3560 cum
629 3503 764 3559 scriberet
787 3503 822 3557 de
845 3502 980 3569 carmine,
1006 3501 1083 3571 quod

80 3569 156 3641 vulgo
170 3573 317 3644 Phocylidi
330 3575 473 3647 tribuitur,
493 3576 545 3631 (iu.
556 3575 634 3630 Kroll
648 3593 718 3630 mus.
729 3575 781 3629 Rh.
792 3572 1080 3643 exanimaret.
