2556 3996
138 197 160 259 4
517 193 625 248 LIBER
642 191 778 248 PRIMUS

98 363 215 438 Ρπαζε
242 357 297 423 καί
328 360 375 434 εἰς
401 359 501 443 τιμὴν
527 366 589 422 τοῦ
617 358 743 422 οἰκείου
775 356 882 438 δῆθεν
908 353 1033 440 πατρὸς
1063 354 1157 418 ἰππι-

138 467 200 531 κὸν
227 465 340 548 άγῶνα
366 465 480 551 πρώτη
508 463 546 528 έν
561 459 699 550 Ἶσαλίαῑ
715 461 876 545 ἐτέλεσεν,
905 461 941 537 ὃς
968 460 1010 544 δὴ
1037 457 1092 524 καί
1122 458 1156 538 έξ

141 571 242 656 αὐτῆς
278 572 460 657 ὠνομάσθη
497 566 653 655 κίριιος.ῖ’
677 563 719 634 ἐν
751 564 788 633 δὲ
820 568 955 634 Ἑλλάδι
991 568 1157 652 πρότερον

135 677 325 762 Ἐνυάλιος,
353 679 426 754 οἰὸς
445 678 684 760 Ποσειδῶνος,
698 675 735 741 έν
756 674 893 761 ἡμέραις
911 671 1083 749 Μωυσέως
1105 674 1158 736 δι·

114 786 240 872 επώλω
274 783 452 870 ἐχρήσατο,
493 784 659 867 Οἰνόμαος
690 780 746 846 καί
776 781 919 868 ὕστερον
945 781 1158 868 τετραπύλρι·

141 886 239 967 οὗτος
268 886 305 955 δέ
333 885 376 974 ἦν
403 890 559 973 βασιλεὺς
582 891 751 972 Πισαίων,
781 883 841 972 ἦγε
868 884 905 953 δὲ
932 889 992 952 τὸν
1021 886 1159 951 ἱππικὸν

142 997 255 1080 άγῶνα
278 993 358 1079 μηνὶ
381 997 523 1082 Μαρτίῳ
552 996 682 1080 εἰκοστῇ
711 995 847 1080 τετάρτῃ
875 992 1070 1078 ὑψουμένου
1097 1003 1159 1058 τοῦ
1269 987 1270 1006 ³

137 1102 266 1168 Ἡλίου.
311 1101 366 1167 καί
395 1101 494 1178 αὐτὸς
517 1097 580 1186 μέν
603 1101 718 1187 ἐφόρει
741 1101 887 1185 χλοανδν
913 1101 1020 1184 ηγονν
1041 1101 1160 1186 πράσι-
1270 1171 1271 1174 ¹

142 1233 204 1274 νον
240 1205 325 1294 ὑπὲρ
360 1215 418 1292 τῆς
449 1215 522 1292 γῆς·
557 1207 574 1274 ὁ
609 1204 646 1273 δί
682 1207 986 1293 ἀνταγωνιζόμενος
1023 1206 1160 1291 βένετον

103 1339 130 1378 ιο
143 1311 227 1401 ὑπὲρ
251 1325 309 1399 τῆς
330 1316 513 1399 θαλάσσης,
540 1312 596 1379 καί
624 1316 657 1380 οἰ
679 1311 741 1399 μὲν
763 1317 930 1399 μεσόγειοι
956 1315 1091 1399 ἔχαιρον
1112 1321 1161 1400 τῷ

142 1425 308 1510 πρασίνω,
337 1424 370 1487 οἰ
393 1418 430 1487 δί
453 1423 611 1506 παράλιοι
634 1428 680 1509 τῷ
704 1419 839 1508 βενέτρι·
868 1423 1020 1486 ἔπαθλον
1042 1416 1079 1484 δί
1102 1429 1161 1502 τῆς
1272 1497 1273 1500 ¹

143 1528 288 1612 ἀγωνίας
309 1529 431 1612 ταύτης
453 1531 625 1615 προετίθει
650 1530 816 1612 Οἰνόμαος
838 1535 885 1615 τῷ
907 1529 1078 1610 νικήσοντι
1102 1523 1161 1590 αύ-

142 1637 203 1700 τὸν
229 1636 291 1719 τὴν
320 1635 411 1700 ἰδίαν
438 1633 609 1721 θυγατέρα
631 1633 881 1719 Ἱπποδάμειαν,
911 1635 971 1699 τὸν
1000 1630 1038 1698 δὲ
1064 1632 1162 1716 ἡττη-
1273 1705 1274 1714 ¹

143 1741 248 1807 θέντα
272 1741 478 1826 φονεύεσθαι
497 1742 624 1806 αὐτίκα.
660 1739 824 1826 μέλλοντα
842 1751 928 1825 γοῦν
945 1742 1005 1807 τὸν
1023 1739 1164 1805 Πέλοπα

106 1868 132 1908 15
146 1856 192 1935 τῷ
217 1849 372 1936 Οἰνομάῳ
396 1847 679 1932 ἀνταγωνίζεσθαι
703 1845 756 1913 έπί
783 1857 854 1924 τοῖς
877 1849 1059 1932 δηλωθεῖσι
1082 1865 1164 1913 σνν-

143 1957 304 2040 θημασιν,
334 1953 499 2041 ἑωρακυῖα
517 1953 733 2040 Ἱπποδάμεια
755 1955 888 2041 ἠράσθη
916 1979 951 2021 τε
979 1954 1084 2020 αὐτοῦ
1107 1953 1164 2019 καί

145 2063 333 2148 προδίδωσι
355 2062 463 2150 τούτῳ
486 2064 527 2128 τά
554 2065 770 2147 μηχανήματα
792 2071 853 2127 τοῦ
880 2064 1019 2148 πατρός,
1047 2058 1091 2127 δι’
1115 2055 1165 2125 ὧν

146 2168 274 2255 ἐκράτει
301 2179 369 2234 τῶν
397 2169 714 2254 συναμιλλωμένων,
741 2167 796 2233 καί
825 2168 911 2234 οὕτω
938 2168 1165 2254 παρεσκεύασε

145 2284 278 2359 νικῆσαι
300 2276 361 2339 τὸν
383 2273 529 2340 Πέλοπα
576 2274 727 2352 κάκεῖνος
756 2277 894 2359 νικήσας
922 2274 1027 2351 εὐθὺς
1053 2273 1166 2339 ἀνεῖλε

107 2403 132 2441 ιο
146 2377 208 2464 μέν
233 2383 416 2467 Οἰνόμαον,
444 2385 544 2467 ἔγημε
569 2377 606 2445 δί
626 2381 862 2467 Ἱπποδάμειαν
889 2380 944 2448 καὶ
972 2380 1167 2466 ἐβασίλευσε

146 2483 208 2572 μέν
230 2497 288 2571 τῆς
301 2487 460 2573 Ἑλλάδος
483 2490 538 2571 ἔτη
557 2489 735 2574 τριάκοντα
754 2488 851 2573 ὀκτώ,
874 2487 1006 2554 ἐκάλεσε
1029 2483 1067 2552 δί
1085 2487 1167 2552 ταύ-

146 2618 208 2677 την
227 2591 260 2672 έξ
280 2592 400 2659 ἑαυτοῦ
419 2596 689 2678 Πελοπόννησον.
723 2593 794 2660 ἀλλ’
819 2594 872 2661 ἐπὶ
890 2598 931 2661 τά
943 2597 1089 2682 πρότερα
1103 2595 1167 2660 πά-

147 2706 203 2766 λιν
220 2700 239 2766 δ
263 2703 362 2783 λόγος
385 2699 602 2766 ἐπανελθέτω.
634 2700 655 2784 ἡ
674 2703 737 2788 γάρ
753 2702 795 2785 δὴ
810 2709 1041 2788 προρρηθεῖσα
1055 2704 1165 2788 Κίρκη

147 2807 260 2893 πρώτη
288 2811 396 2872 τελεῖν
424 2807 579 2884 ἱππικοὺς
608 2807 739 2890 άγῶνας
769 2807 807 2872 έν
830 2807 953 2894 Ἰταλίᾳ
980 2829 1167 2895 προκαταρ-

109 2932 135 2974 ιε
148 2911 269 2998 ξαμένη
297 2910 352 2977 καί
383 2913 606 2999 ἱπποδρόμιον
636 2912 740 2979 ἐκεῖσε
768 2915 1000 2997 κατεσκεύασε,
1033 2915 1070 2979 τὸ
1104 2911 1168 2999 μίν

49 3029 133 3083 XYP
148 3029 250 3105 μῆκος
268 3019 439 3105 τεσσάρων
457 3021 612 3104 σταδίων,
630 3023 667 3086 τὸ
688 3017 725 3087 δί
743 3024 866 3098 πλάτος
886 3020 973 3098 ἑνός·
991 3021 1028 3085 τὸ
1048 3017 1086 3086 δὲ
1104 3031 1145 3084 Rr
1154 3032 1177 3100 1,
1190 3039 1223 3086 12

148 3125 251 3210 μέσον
279 3125 383 3191 αὐτοῦ
412 3124 545 3211 ἐποίησε
573 3125 768 3214 ξυλουργές,
798 3128 990 3214 ὀνομάσασα
1019 3129 1169 3213 <ταύτην

220 3371 244 3408 v.
264 3359 281 3407 4
300 3354 410 3422 μύσεως
428 3355 456 3407 Ρ
553 3352 699 3425 θβίνετον
718 3355 746 3408 Ρ
838 3361 871 3408 21
896 3357 990 3410 utrum
1012 3359 1046 3426 λῇ
1070 3373 1107 3410 an
1131 3359 1170 3428 λβ

149 3424 256 3478 habeat
279 3426 307 3478 P
331 3425 409 3478 haud
432 3423 581 3494 dispicitur
676 3432 709 3480 27
734 3425 896 3496 ὀνομάσασα
923 3435 1005 3482 τοῦτο
1029 3426 1170 3495 εύριππον

151 3494 207 3550 ἀπὸ
221 3504 271 3550 τοῦ
286 3493 441 3550 θαλασσίου
456 3493 592 3564 εόρίππον
611 3496 708 3567 ἐπειδὴ
727 3499 761 3567 P,
785 3497 898 3566 εόριπος
920 3502 1044 3554 καλεῖται
1067 3497 1099 3552 ἐκ
1117 3507 1168 3554 τοῦ

150 3564 306 3622 θαλαττίου
329 3566 394 3630 ἰσως
414 3564 530 3635 εἰρίπον
555 3568 603 3622 καί
628 3576 677 3638 τῆς
704 3567 818 3631 ἑπτάκις
839 3570 927 3624 αἰτοῖ
950 3569 1171 3641 διαυλοδρομίας
