2524 3984
161 169 325 225 axxxvm
560 171 766 228 PRAEFATIO

162 338 349 416 corruptelae
376 343 562 398 sanarentur.
607 340 650 400 sic
676 341 737 399 iam
765 361 789 400 e.
813 361 840 419 g.
865 344 1023 418 corruptae
1051 341 1097 400 illi
1118 343 1184 401 lec-

162 428 238 488 tioni
261 426 407 509 pprpdpoo
431 422 647 511 (p.105,19)
674 430 853 489 medicinam
880 449 987 506 parare
1015 449 1090 505 opus
1117 451 1184 490 non

162 517 235 591 erit,
272 536 369 593 neque
401 517 437 576 de
474 517 642 577 nominibus
679 521 793 595 septem
824 520 1027 580 Romanorum
1057 519 1183 580 collium

163 599 205 686 (p.
226 607 304 682 173,
324 608 358 679 2,
385 606 421 666 cf.
446 604 480 665 G.
499 606 659 682 Wissowa,
684 606 916 684 Septimontium
939 611 969 667 et
993 608 1124 684 Subura,
1148 610 1184 667 in
1259 615 1260 620 ’

163 695 273 754 Satura
299 694 446 753 Viadrina
474 715 503 771 p.
530 688 565 777 4)
598 695 800 756 disserendum
828 697 893 757 erit
940 699 1074 756 attamen
1101 716 1184 757 com·
1259 719 1260 722 ¹

163 784 263 860 plures
286 786 402 842 restant
423 784 495 860 loci,
523 784 633 860 quibus
661 785 818 846 verborum
845 805 974 846 conexus
1001 787 1091 862 paulo
1114 789 1184 845 tur-

162 872 251 932 batus
278 872 418 932 videatur
445 891 522 932 esse:
556 874 692 949 quamvis
718 875 766 934 his
793 874 881 934 initio
908 875 1089 952 parcendum
1116 894 1186 935 esse

164 961 344 1036 statuissem,
372 961 483 1037 quippe
506 963 558 1037 qui
580 963 667 1038 plura
689 963 829 1022 haberem
850 964 1041 1040 proferenda,
1069 964 1121 1022 scd
1146 965 1183 1022 de

165 1049 273 1126 quibus
294 1049 407 1126 ambigi
425 1054 534 1127 posset,
556 1071 630 1110 uum
647 1072 718 1111 vera
737 1056 843 1130 essent,
866 1055 940 1129 tum,
959 1071 1026 1111 curn
1044 1054 1179 1128 complu-

163 1139 243 1196 rium
276 1138 408 1198 virorum
443 1138 599 1198 doctonrm
630 1141 704 1198 mihi
735 1141 998 1218 suppeditarentur
1029 1142 1182 1202 coniectu·

162 1246 228 1302 rae,
255 1245 359 1286 earum
385 1227 541 1302 splendore
569 1231 733 1289 commotus
758 1231 807 1288 hic
834 1231 897 1290 illic
924 1230 1084 1290 verborum
1111 1249 1183 1290 con·

163 1316 261 1376 textui
284 1315 455 1376 inserendas
477 1317 547 1376 illas
574 1337 637 1376 esse
665 1319 790 1378 decrevi.
839 1319 991 1378 interdum
1012 1337 1083 1379 vero
1107 1337 1184 1378 uum

164 1406 220 1465 hoc
252 1408 331 1464 recte
367 1405 489 1464 fecerim
521 1405 642 1466 dubito:
678 1427 746 1466 cum
782 1408 862 1466 enim
897 1408 1015 1484 saepius
1052 1427 1114 1466 non
1144 1408 1183 1465 li-

166 1496 270 1571 queat,
299 1496 401 1552 utrum
427 1495 505 1570 Lydi
534 1513 574 1554 an
605 1495 796 1556 librariorum
827 1497 985 1575 graecitati
1017 1496 1186 1556 debeantur
1260 1491 1261 1518 ¹

165 1603 217 1643 eae
245 1601 322 1659 quae
351 1587 508 1660 corruptae
536 1584 715 1643 videbantur
741 1586 879 1661 voculae,
911 1605 1008 1662 neque
1036 1584 1075 1644 ad
1102 1585 1184 1643 hunc

166 1673 245 1730 diem
268 1673 342 1731 satis
371 1675 487 1731 constet
514 1673 594 1731 inter
619 1673 699 1732 viros
727 1674 843 1749 doctos,
871 1693 1017 1750 quasnam
1043 1674 1185 1734 licentias

165 1762 198 1820 in
221 1761 408 1821 conectendis
436 1761 534 1820 verbis
557 1763 767 1838 usmpaverint
789 1767 925 1824 auctores
949 1764 1048 1841 graeci
1070 1762 1140 1820 inde
1165 1781 1187 1820 a

166 1853 248 1909 sexto
277 1869 373 1925 usque
401 1849 439 1908 ad
470 1850 618 1909 decimum
647 1852 785 1927 quintum
816 1853 981 1928 saeculum,
1013 1871 1118 1912 vereor
1144 1871 1186 1910 ne

166 1938 326 2013 interdum,
349 1958 416 1998 curn
440 1939 574 1998 codicum
597 1959 710 1999 errores
729 1941 884 1999 emendare
903 1940 1077 2016 studuerim,
1100 1941 1186 2016 ipsos

168 2031 305 2088 auctores
326 2028 448 2086 —iam
472 2029 551 2086 enim
573 2048 633 2088 non
656 2029 692 2087 de
715 2048 775 2088 uno
794 2029 965 2106 Laurentio,
988 2029 1040 2089 sed
1063 2028 1099 2086 de
1119 2029 1185 2106 epi-

166 2116 364 2178 tomatoribus
393 2136 511 2193 quoque
539 2135 634 2176 sermo
665 2120 710 2176 est
733 2150 775 2160 —-
799 2119 983 2178 correxerim.
1034 2119 1077 2176 sic
1105 2137 1129 2176 e.
1154 2138 1184 2195 g.

167 2228 195 2283 p.
217 2207 289 2281 138,
311 2209 351 2266 15
379 2225 434 2282 pro
460 2205 559 2265 verbis
587 2204 636 2265 διὰ
665 2205 735 2279 τοὺς
761 2203 869 2287 ἄρτους
888 2205 1187 2278 ...κατασκευάζειν

166 2294 234 2354 dedi
258 2292 307 2354 διὰ
334 2290 409 2371 (τὸ)
436 2293 506 2366 τοὺς
532 2291 640 2375 ἄρτους
665 2299 739 2373 art,
772 2296 823 2356 sed
853 2315 931 2355 nunc
957 2296 1058 2371 rideo,
1091 2295 1185 2354 simili

168 2383 256 2444 modo
278 2382 311 2444 rt
334 2383 435 2443 omitti
454 2404 484 2459 p.
504 2386 622 2459 81,11.
647 2386 774 2459 8412:
796 2385 841 2444 ita
863 2389 899 2444 ut
922 2387 1075 2462 appareat,
1101 2385 1187 2442 illius

167 2472 310 2548 temporis
333 2490 447 2532 morem
469 2472 570 2549 fuisse,
593 2473 755 2532 articulum
777 2475 928 2547 omittere,
956 2473 1008 2532 ubi
1030 2473 1111 2531 inter
1135 2471 1186 2531 διὰ

167 2560 419 2637 praepositionem
446 2581 515 2621 cum
542 2562 713 2621 accusativo
741 2581 813 2622 casu
840 2562 974 2622 iunctam
1002 2565 1033 2620 et
1059 2560 1187 2619 infiniti-

167 2670 239 2708 vum
260 2648 463 2710 intercedebat
485 2650 563 2710 alter
580 2651 775 2710 accusativus.
812 2651 904 2710 simili
925 2648 1013 2710 modo
1037 2651 1187 2708 suadente

168 2739 319 2798 Bocclrlrio
347 2731 397 2819 (cf.
425 2759 453 2816 p.
475 2741 553 2814 169,
572 2735 605 2815 4)
635 2741 772 2799 voculam
799 2735 831 2798 ἐν
859 2739 974 2814 addidi,
1001 2739 1187 2816 ubicumque

168 2828 309 2903 planetae
332 2828 434 2887 dauns
456 2826 619 2887 indicatur:
643 2829 725 2904 quod
747 2829 945 2888 necessarium
963 2847 1022 2887 nou
1041 2827 1136 2886 fuisse
1153 2828 1188 2885 in

170 2917 341 2992 aequiorum
372 2919 543 2992 temporum
573 2916 743 2976 Graecitate
774 2917 901 2994 benigne
933 2936 981 2975 me
1011 2915 1098 2975 docet
1130 2916 1187 2975 Gn.

168 3005 268 3081 Kroll3
296 3008 327 3064 et
349 3024 378 3081 p.
400 3007 470 3080 1,1
495 3023 598 3065 vocem
620 3001 885 3086 <συγγράψαντες>
912 3006 987 3064 falso
1012 3005 1188 3080 suppletam

169 3113 232 3154 esse
254 3113 301 3154 me
324 3093 442 3154 monuit
464 3094 499 3152 R.
522 3094 661 3154 Focrster
682 3095 807 3171 prolatis
836 3095 882 3154 his
911 3093 1065 3170 exemplis:
1093 3094 1187 3153 schol.

170 3183 261 3244 Laur.
285 3182 324 3243 ad
343 3182 431 3259 Soph.
450 3182 496 3241 Ill.
518 3185 581 3242 157
606 3179 647 3256 ὥς
665 3180 681 3243 ὁ
698 3181 734 3244 τὰ
751 3183 883 3265 Κύπρια,
906 3182 1015 3243 Herod.
1033 3179 1099 3262 περὶ
1120 3202 1188 3258 μον.

171 3272 225 3344 let.
249 3293 278 3348 p.
300 3276 318 3333 9
343 3265 388 3352 (Π
410 3291 438 3347 p.
459 3273 524 3331 414
547 3265 655 3354 Lenta)
679 3268 719 3344 ὡς
743 3269 758 3332 ὁ
781 3270 815 3332 τὰ
837 3270 959 3354 Κύπριά
981 3288 1070 3349 φησι,
1093 3271 1189 3330 schol.

169 3361 243 3419 Ven.
267 3361 302 3419 Il.
326 3361 351 3419 Ic
377 3361 439 3419 326
465 3357 481 3420 ὁ
504 3356 536 3419 δὲ
559 3359 614 3438 τὴν
638 3358 745 3440 μικρὰν
765 3353 883 3439 Ἰλιάδα,
906 3361 996 3420 schol.
1019 3361 1089 3420 Eur.
1112 3359 1189 3418 Hec.

172 3452 236 3511 910
259 3446 299 3522 ὡς
323 3445 354 3510 δὲ
378 3446 393 3509 ὁ
416 3446 471 3527 τὴν
494 3447 601 3528 μικρὰν
620 3441 739 3509 Ἰλιάδα.

238 3537 362 3598 (laudus
393 3557 441 3598 me
472 3537 596 3615 retinui,
630 3539 810 3614 ubicumque
845 3538 881 3597 de
912 3538 1040 3613 lacunis,
1075 3535 1189 3612 quibus
