2556 3996
384 159 493 213 LIBER
511 158 688 223 QUARTUS.
714 158 875 214 MARTIUS
1076 160 1138 224 101

125 325 252 400 δόιδους
280 325 394 408 άρτον,
426 324 572 407 ἔπεμπον
602 332 673 398 τοῖς
700 321 738 387 ἐν
763 299 852 410 λόγῳ
875 321 1054 407 Ῥωμολίας
1081 323 1138 388 άν-
1152 333 1178 386 X

123 433 243 507 νώνας·
268 429 353 496 οὑτω
379 426 416 494 δέ
438 429 560 505 ταύτας
583 428 734 512 ἐκάλουν,
758 431 815 494 διά
836 431 979 516 τὸκατδι
1002 431 1064 513 την
1087 428 1139 494 ἐν-

122 539 226 620 νάτην
249 539 340 622 ὥραν
364 535 578 602 ἐπιδίδοσδαι
604 536 687 621 πρὸς
710 544 771 600 τοῦ
789 534 958 619 Ῥωμύλου
980 537 1042 619 τὴν
1064 559 1139 621 τρο-

123 645 191 729 φην
222 653 293 720 τοῖς
326 643 540 728 στρατιώταις
673 640 729 707 καὶ
760 643 823 727 γάρ
858 642 1139 718 Οὐαλεντινιανδς

121 751 321 826 ἀπαίδευτος
342 745 386 833 ἦν
407 748 462 814 καὶ
485 751 593 833 μόνον
611 799 618 814 .
634 799 641 814 .
656 796 686 814 ..
705 749 899 834 βαρύμηνις.

69 868 196 923 RrIV31
228 856 280 921 44.
313 860 358 942 Τῇ
382 857 447 941 πρὸ
476 856 646 941 τεσσάρων
673 859 806 921 Νωνῶν
828 859 992 941 Μαρτίων
1015 857 1139 941 άνεμον

121 965 313 1049 βιαιότερον
335 964 380 1040 ὡς
403 962 524 1028 ἐπίπαν
546 973 645 1028 πνεῖν
667 961 822 1048 προλέγει
846 963 864 1028 ὁ
887 961 1046 1040 Εαάδοξος.

72 1089 104 1137 32
190 1069 244 1134 45.
271 1074 317 1156 Τῇ
340 1070 405 1154 πρὸ
429 1080 532 1155 τριῶν
554 1072 688 1134 Νωνῶν
710 1072 875 1154 Μαρτίων
903 1070 921 1135 ὁ
948 1075 1053 1147 πλοῦς
1080 1079 1138 1154 τῆς

112 1176 240 1253 Ἴσιδος
262 1175 459 1259 ἐπετελεῖτο,
487 1175 527 1240 ὃν
555 1178 603 1240 ἐτι
632 1174 688 1241 καὶ
716 1185 780 1241 νῦν
804 1181 977 1253 τελοῦντες
999 1183 1140 1242 καλοῦσι

120 1281 332 1368 πλοιαφέσια.
377 1281 398 1365 ἡ
429 1277 466 1346 δὲ
489 1274 569 1358 Ἶσις
598 1292 637 1368 τῇ
666 1284 863 1366 Αἰγυπτίων
892 1293 988 1369 φωνῇ
1016 1285 1141 1349 παλαιά
1155 1310 1181 1349 10

122 1393 328 1474 σημαίνεται,
351 1388 523 1454 τονιέστιν
545 1388 566 1472 ἡ
590 1391 724 1472 σελήνη·
738 1388 803 1455 -καὶ
825 1392 1059 1476 προσηκόντως
1082 1389 1141 1454 αὑ-

121 1498 185 1581 τὴν
207 1507 348 1581 τιμῶσιν
370 1495 586 1582 ἐναρχόμενοι
604 1507 673 1561 τῶν
695 1499 886 1562 θαλαττίων
905 1496 1004 1580 ὁδῶν,
1027 1497 1085 1562 διά
1103 1497 1140 1561 τὸ

16 1627 22 1643 ·
122 1603 239 1687 αὑτην,
262 1604 307 1679 ὡς
330 1601 497 1687 ἐλέγομεν,
520 1613 559 1689 τῇ
583 1604 684 1688 φύσει
707 1615 774 1670 τῶν
796 1603 930 1669 ὑδάτων
954 1602 1141 1687 ἐφεστάναι.

61 1709 63 1712 ’
122 1708 207 1796 φασὶ
234 1705 271 1775 δέ
299 1709 424 1792 ταύτην
450 1707 506 1774 καὶ
534 1710 648 1792 ὑγείας
676 1705 762 1774 εἶναι
790 1712 960 1795 δότειραν,
987 1711 1140 1795 καθάπερ

121 1817 217 1902 ἡμεῖς
239 1817 299 1881 τὸν
317 1813 526 1900 Ἀσκληπιόν.
571 1816 694 1882 ταύτὸν
722 1815 751 1881 δ’
775 1815 818 1881 άν
846 1823 909 1901 είη·
939 1818 1048 1902 ὥσπερ
1075 1818 1140 1905 γάρ
1155 1841 1181 1881 15

121 1923 217 2008 ἡμεῖς
241 1923 300 1988 τὸν
322 1921 420 2005 ἥλιον
442 1924 490 1999 είς
512 1923 572 1987 τὸν
590 1921 790 2007 Ἀσκληπιὸν
813 1923 1038 2006 λαμβάνοντες
1060 1925 1141 2007 μετὰ

123 2032 183 2106 τάς
215 2029 345 2095 ἐκείνου
377 2031 506 2113 δυσμάς
537 2038 595 2112 τῆς
624 2031 745 2107 νυκτὸς
772 2027 1004 2114 ἐπιγινομένης
1032 2036 1142 2095 αίτιον

124 2137 229 2203 αὐτὸν
251 2145 312 2201 τοῦ
334 2135 445 2201 ὑπνου
471 2133 526 2200 καὶ
550 2138 669 2212 νυκτὸς
696 2135 751 2201 καὶ
775 2135 1005 2219 ἀναπαύσεως,
1033 2143 1142 2202 αίτιον

122 2242 179 2310 καὶ
196 2245 321 2328 δοτῆρα
334 2251 392 2326 τῆς
405 2242 519 2326 ὑγείας
609 2243 827 2327 μυθεύουσιν.
865 2243 882 2308 ὁ
898 2239 935 2308 δέ
949 2245 1142 2329 Χαιρωνεὺς

117 2343 202 2416 Ἶσιν
225 2346 287 2434 μὲν
309 2350 371 2432 την
394 2357 457 2432 γῆν
481 2344 567 2414 εἶναι
586 2351 742 2433 βούλεται
764 2348 820 2414 καὶ
833 2349 966 2434 Ὄσιριν
984 2351 1044 2415 τὸν
1062 2353 1142 2415 Νεῖ-
1156 2376 1182 2416 ιο

57 2506 63 2518 .
123 2463 200 2540 λον,
233 2460 379 2539 Τυφῶνα
403 2452 440 2520 δέ
462 2456 524 2538 τὴν
546 2453 731 2538 θάλατταν,
760 2457 807 2533 εἰς
829 2453 873 2539 ἣν
899 2457 917 2522 δ
940 2459 1064 2532 Νεῖλος
1088 2455 1142 2541 ἐμ-

122 2567 255 2629 πίπτων
277 2562 477 2646 ἀφανίζεται.

71 2691 103 2738 33
191 2670 244 2736 46.
277 2670 345 2752 Την
377 2669 489 2752 Τύχην
516 2671 548 2733 οῖ
568 2667 725 2752 Ἕλληνες
752 2671 922 2755 γράφουσι
949 2671 1142 2755 βονπρόσω-

123 2797 203 2843 πον·
232 2775 295 2860 ἐγὼ
320 2773 349 2840 δ
374 2770 466 2859 οἶμαι
488 2776 550 2858 την
572 2776 682 2861 ὑγράν
705 2759 792 2840 εἶναι
818 2776 952 2861 οὐσίαν,
980 2777 1064 2842 ὅθεν
1085 2773 1142 2840 καὶ

123 2886 253 2950 άκοναν
276 2883 381 2966 αὐτὴν
395 2881 566 2966 Ῥωμαίοις
589 2884 669 2959 ἕδος
688 2887 803 2947 καλεῖν
821 2882 885 2948 άπὸ
905 2893 963 2967 τῆς
982 2884 1142 2966 ἰσότητος,
1156 2907 1182 2948 25

197 3058 221 3094 v.
238 3046 253 3093 7
272 3039 404 3093 Eudoxus
419 3038 606 3092 Waohsmuth
625 3039 660 3092 de
679 3041 730 3093 ost.
751 3057 777 3108 p.
792 3044 844 3092 296
863 3056 905 3092 nr.
921 3045 936 3091 9
1014 3045 1048 3092 20
1067 3038 1142 3094 Plut.

124 3115 160 3167 de
179 3111 214 3166 Is,
234 3114 263 3166 et
282 3111 327 3165 Os.
348 3127 370 3165 ο,
386 3116 419 3164 ³2
438 3129 465 3179 p.
481 3108 568 3163 3631)

196 3273 220 3308 v.
242 3259 256 3306 1
276 3249 423 3323 όωμνλίοις
441 3253 469 3305 Α
494 3254 498 3323 Ι
523 3249 630 3313 άνόνας
653 3252 684 3305 Χ
773 3250 939 3305 δέωοαιισαω
961 3251 1144 3306 indicandam

122 3324 223 3397 putavi
332 3331 346 3380 7
367 3322 493 3388 εὐδόξως
510 3322 551 3390 A,
573 3338 642 3376 corr.
660 3321 699 3393 A,
810 3327 826 3375 8
845 3331 917 3385 ποῦς
934 3324 974 3392 A,
998 3327 1084 3386 πλοῦς
1102 3324 1140 3395 A,

125 3405 157 3451 11
178 3393 372 3465 προσηκόντας
390 3395 426 3464 A,
445 3391 641 3463 προσηκόντως
660 3409 729 3447 corr.
747 3394 808 3447 ead.
822 3413 859 3448 m.
934 3399 967 3448 16
985 3393 1143 3520 λαμμάνον-

122 3488 170 3532 τες
191 3466 209 3536 ἢ
233 3466 302 3536 μετὰ
321 3467 348 3520 Β
458 3472 490 3519 19
510 3464 642 3518 lacunam
664 3463 802 3520 indicavit
820 3465 873 3520 Son
980 3471 1014 3521 20
1045 3484 1097 3535 σην
1115 3467 1143 3520 Β

125 3547 159 3595 23
179 3537 325 3610 βοοπρόσω
343 3539 380 3606 A,
399 3553 468 3591 corr.
482 3537 521 3607 A,
596 3541 630 3590 25
651 3534 759 3592 άκονδιν
777 3537 805 3591 A
1167 3577 1169 3582 -
