2524 3984
156 205 243 260 XLVI
562 204 768 261 PRAEFATIO

244 369 323 432 ἐστιν
367 393 396 450 p.
431 376 634 450 164,21-:
679 372 828 456 129.ὃ’τι
860 371 1175 454 adda-obducente

247 463 323 540 165,
332 466 363 524 1.
782 483 814 540 r·
836 463 1040 540 ιαμ-18.

159 553 230 613 127.
246 547 290 611 tn
326 547 343 612 d
382 548 475 632 ἕρμῆς
505 582 549 593 -
579 549 636 630 τὴν
695 553 768 612 130.
784 549 829 611 ὅτι
851 550 886 613 cl'
905 549 1029 630 φυσικοὶ
1053 583 1097 595 -
1120 546 1183 630 μὴ

244 638 372 719 σελήνην
400 660 429 717 p.
455 642 633 717 167,15-
783 637 900 719 ῗλληνες
934 661 963 718 p.
996 642 1108 718 175,1
1131 673 1175 683 -

247 730 319 806 168,
331 731 358 788 2.
620 741 629 794 1
785 731 919 806 naas.

158 819 230 878 128.
246 815 290 877 ὅτι
326 817 457 899 pupulos·
470 817 637 882 τ-πίσωνι

244 927 273 984 p.
300 907 603 986 marr-mcc.

224 1083 257 1143 si
279 1103 349 1144 vero
371 1083 434 1144 iam
457 1083 623 1161 quaeritur,
647 1102 778 1162 quanam
800 1084 917 1145 ratione
944 1083 992 1144 usi
1020 1085 1099 1144 banc
1121 1104 1177 1145 no-

156 1190 226 1232 vam
248 1173 407 1232 materiam
436 1173 468 1232 in
496 1172 607 1233 librum
636 1173 672 1232 de
701 1174 852 1234 mensibus
881 1174 1010 1233 inserere
1038 1173 1178 1250 velimus,

156 1262 213 1322 hoc
235 1262 398 1322 tenendum
420 1262 493 1341 erit,
523 1261 658 1323 ordinem
684 1262 922 1341 fragmentorum
950 1263 983 1320 in
1012 1262 1066 1338 iis,
1097 1281 1178 1338 quae

157 1349 337 1411 editionibus
355 1351 551 1411 fundamento
570 1351 702 1428 fuerunt,
720 1352 855 1413 codicum
872 1350 1096 1412 recensionibus
1114 1351 1179 1411 XY

158 1440 283 1499 eundem
311 1458 389 1516 esse,
421 1440 520 1518 qualis
549 1440 622 1499 clim
650 1439 683 1499 in
709 1440 775 1517 ipso
797 1441 954 1500 Laurentii
985 1459 1074 1517 opere
1101 1441 1179 1502 fuit:

158 1547 250 1607 quare
273 1528 298 1588 si
321 1529 401 1605 quod
421 1529 623 1607 fragmentum
641 1528 750 1590 codicis
769 1529 963 1591 Scorialensis
982 1529 1178 1606 aliquatenus

158 1617 310 1694 conspirat
333 1637 400 1678 cum
422 1616 520 1678 verbis
542 1618 747 1678 recessionum
766 1618 835 1694 XY,
857 1619 956 1679 locum
975 1620 1089 1678 certum
1112 1618 1179 1678 iam

157 1707 227 1766 huic
249 1705 429 1766 Scorialensi
451 1706 620 1785 hagmento
648 1706 807 1786 adsignare
835 1706 947 1767 licebit.
992 1707 1045 1767 sed
1067 1707 1122 1767 ubi
1144 1708 1180 1768 id

157 1814 215 1855 usu
236 1814 297 1854 non
319 1795 411 1872 venit,
434 1795 623 1871 aliquantum
646 1796 738 1872 spatii
759 1796 863 1856 datum
881 1795 966 1856 nubis
985 1798 1039 1875 est,
1062 1797 1178 1874 inquo

157 1885 328 1944 coniectura
347 1884 517 1947 dominetur
535 1886 566 1944 et
579 1882 750 1960 arbitrium3
773 1886 948 1961 plerumque
963 1887 1065 1944 autem
1079 1904 1180 1962 parva

156 1973 230 2050 ipsis
253 1972 407 2033 codicisS
439 1973 536 2034 verbis
567 1973 671 2034 meunt
693 1973 825 2055 indicia,
858 1993 935 2051 quae
968 1973 1064 2034 secuti
1096 1994 1179 2052 eum,

158 2081 246 2140 quem
270 2061 342 2122 olim
360 2062 479 2141 singula
496 2064 659 2123 tenuerunt
680 2061 858 2142 fragmenta,
881 2064 980 2123 locum
996 2082 1178 2140 recuperare
1255 2115 1256 2130 ,

156 2151 313 2228 possimus.
350 2150 402 2210 ubi
424 2170 495 2211 vero
518 2152 595 2210 talia
614 2151 734 2211 omnino
758 2151 866 2212 desunt
883 2151 1004 2229 indicia,
1026 2152 1179 2214 incertam

157 2240 220 2300 eius
243 2239 405 2318 fragmenti
428 2241 528 2300 sedem
551 2259 614 2300 ease
637 2240 789 2300 fateamur
810 2259 928 2301 necesse
952 2243 1005 2300 est
1048 2242 1081 2301 et
1104 2242 1180 2301 dum

156 2329 203 2388 his
225 2328 288 2386 nixi
315 2328 447 2388 consiliis
478 2328 611 2407 singulas
641 2329 795 2390 codicisS
824 2332 927 2406 partes
956 2328 1178 2409 distribuimus

158 2416 336 2476 adiuvamur
357 2417 395 2478 iis
414 2437 490 2494 quae
509 2417 545 2477 de
562 2417 679 2477 ratione
694 2437 785 2496 quam
802 2418 834 2476 in
853 2419 1034 2495 excerpendo
1053 2423 1179 2480 secutus

158 2505 199 2565 sit
221 2506 403 2582 epitomator
425 2507 522 2566 dicere
544 2525 709 2583 possumus.
747 2526 815 2566 eum
833 2507 913 2566 enim
930 2507 1082 2586 integrum
1105 2508 1179 2568 libri

158 2595 194 2654 de
217 2593 367 2654 mensibus
390 2596 542 2672 exemplar
563 2594 701 2655 manibus
723 2595 842 2656 trivisse
866 2598 1007 2672 apparet,
1031 2596 1114 2672 quod
1139 2596 1178 2658 ab

157 2683 245 2742 initio
276 2683 428 2762 perlegere
461 2684 559 2761 coepit
592 2684 796 2762 excerpsitque
832 2684 943 2744 librum
974 2685 1107 2762 primum
1144 2705 1179 2746 ex

158 2771 261 2831 ordine
292 2765 350 2854 (nr.
380 2773 481 2852 1-5,
510 2775 546 2833 ut
573 2773 704 2833 numeris
733 2775 818 2850 uter,
848 2791 922 2850 quos
950 2773 983 2832 in
1012 2778 1179 2850 conspectu
1253 2843 1254 2848 η

159 2878 249 2937 supra
280 2861 380 2936 posito
417 2862 542 2939 singulis
579 2861 688 2922 codicis
718 2860 738 2921 S
769 2862 968 2940 paragraphis
1005 2861 1179 2942 adscripsi),

158 2951 231 3009 tunc
255 2969 290 3009 ex
311 2949 423 3008 iterata
444 2951 573 3010 lectione
596 2950 713 3010 addidit
734 2970 778 3010 nr.
804 2953 877 3012 6.7:
918 2953 988 3028 post
1010 2951 1179 3027 septimum

159 3041 260 3098 autem
281 3058 438 3098 numerum
459 3039 492 3099 in
519 3039 619 3099 codice
642 3041 731 3100 vacat
756 3040 887 3116 spatium
914 3040 1085 3116 parvolum,
1115 3060 1178 3118 quo
1252 3091 1253 3096 ,

158 3129 311 3188 auctorem
329 3127 369 3187 ad
385 3126 496 3187 librum
513 3128 642 3187 alterum
658 3128 812 3188 transiisse
827 3131 928 3205 aperte
943 3129 1178 3190 demonstratur.

159 3237 174 3276 e
205 3236 264 3293 quo
293 3217 449 3293 exscripsit
477 3236 520 3276 nr.
546 3219 681 3296 8-11‚
716 3218 821 3277 deinde
855 3220 924 3294 post
953 3237 996 3276 nr.
1027 3220 1082 3294 11,
1114 3225 1177 3296 quo

158 3304 305 3384 agebatur
333 3304 370 3364 dc
399 3304 517 3387 τριάδος
544 3305 583 3382 vi,
613 3306 739 3366 inseruit
768 3326 813 3382 ea,
842 3326 918 3383 quae
948 3306 984 3365 de
1014 3307 1119 3366 eadem
1146 3328 1177 3367 re

158 3395 249 3471 paulo
264 3397 332 3454 ante
347 3383 462 3473 legerat
475 3387 542 3477 (12.
560 3387 630 3478 13).1
659 3398 724 3454 tum
737 3414 807 3455 vero
822 3397 964 3456 secuntur
976 3415 1020 3454 nr.
1032 3397 1177 3473 14—173

158 3482 228 3542 libn'
252 3483 375 3544 alterius
397 3487 529 3544 extrema
552 3484 711 3560 complexi,
737 3486 807 3561 post
830 3503 904 3560 quos
927 3484 1047 3544 additur
1072 3485 1113 3544 18
1143 3505 1177 3546 ex

160 3571 263 3631 codem
285 3571 375 3652 libro,
403 3573 453 3634 sed
477 3593 492 3634 e
519 3574 585 3634 loco
607 3572 707 3650 priore
733 3573 862 3650 petitus,
890 3573 942 3650 qui
969 3573 1116 3650 excipitur
1147 3577 1179 3634 et
