2556 3996
463 192 572 248 LIBER
590 192 744 248 TERTIUS
1063 196 1105 262 41

101 352 197 438 μησὶν
219 354 394 421 ἐπιδοῦναι
425 353 481 421 καὶ
512 356 615 443 ταότη
642 356 782 440 ἡλιακὸν
818 356 1013 425 ἀποτελέσαι
1048 361 1148 426 τὸνΧ

102 458 258 528 ἐνιαυτόν.

45 577 159 644 RrIII‚4
178 570 204 633 λ.
219 566 290 634 Ὅτι
313 567 464 654 βίσεξτον
486 568 616 653 λέγεται
638 572 695 636 όιά
714 572 751 635 τὸ
771 569 824 647 θὶς
845 573 910 657 πρὸ
929 570 962 650 ἓξ
981 575 1110 638 Καλεν-
1122 585 1180 640 XY

103 673 167 738 δῶν
196 679 361 761 Μαρτίων
391 675 551 763 ἀριθμεῖν
581 679 672 763 παρὰ
702 681 893 763 τετραετίαν
920 677 1150 764 “Ρωμαίους,Υ

102 778 153 846 καὶ
179 780 343 870 ἐντούτῳ
366 783 426 848 τὸν
453 785 655 867 ζωογονικὸν
682 783 831 870 ἀριθμὸν
858 784 1109 872 ἐπιτηροῦντας·
1136 811 1148 852 5

97 883 288 974 Ἀφροόίτης
312 885 349 954 δὲ
372 885 480 974 οὗτος,
503 892 625 976 ἔφορος
649 887 686 957 δὲ
704 890 872 976 Ῥωμαίων
889 890 1080 979 Ἀφροδίτη.

70 1010 85 1058 5
166 995 194 1060 8.
213 993 285 1062 Ὅτι
306 996 328 1080 ,η
351 999 472 1081 σελήνη
495 1009 664 1083 προσεχῶς
691 996 864 1082 ἐπιβέβηκε
888 1007 934 1087 τῷ
961 1007 1111 1088 γεννητῷ

100 1100 194 1167 παντὶ
222 1101 278 1168 καὶ
308 1104 417 1169 πάντα
452 1107 654 1190 κυβερνᾶται
685 1106 726 1170 τά
757 1106 837 1192 τῇδε
868 1104 1017 1191 ἐναργῶς
1047 1104 1105 1172 ὑπ’

101 1207 206 1294 αὐτῆς,
229 1211 275 1287 ὡς
295 1212 336 1276 τά
359 1211 456 1294 λόγιά
479 1228 575 1296 φασι·
1151 1199 1154 1208 Χ

183 1371 327 1456 Νύμφαι
348 1379 486 1454 πηγαίαι
508 1368 563 1436 καὶ
586 1369 725 1456 ἐνόόρια
746 1371 918 1456 πνεύματα
940 1373 1047 1437 πάντα
1123 1398 1151 1437 10

182 1475 238 1542 καὶ
261 1479 395 1561 χθόνιοι
417 1479 536 1542 κόλποι
558 1476 636 1561 <τε>
658 1475 714 1542 καὶ
736 1476 843 1563 ἠέριοι
865 1475 920 1542 καὶ
943 1477 1088 1562 ὕπαυγοι

183 1594 318 1668 μηναίοι
339 1583 445 1666 πάσης
469 1581 660 1669 ἐπιβήτορες
677 1581 730 1667 ηδ’
759 1583 910 1668 έπιβῆται

184 1689 266 1774 ὕλης
289 1690 448 1775 οὐρανίας
470 1713 505 1754 τε
528 1688 583 1754 καὶ
602 1688 755 1775 ἀστερίας
777 1688 832 1755 καὶ
856 1689 1021 1774 ἀβύσσων.

99 1859 154 1914 τοῦ
176 1851 241 1935 γάρ
264 1853 483 1934 μεταβολικοῦ
507 1850 656 1935 σώματος
678 1852 761 1916 κατά
783 1852 844 1935 τήν
867 1849 1032 1937 σφετέραν
1049 1861 1110 1917 τοῦ
1123 1869 1205 1926 XYs

98 1956 219 2041 βάρους
245 1954 429 2039 ἀναλογίαν
455 1966 494 2042 τῇ
521 1965 564 2042 γῇ
591 1956 831 2042 περιχυθέντος
858 1956 1043 2040 ἀναγκαῖον
1067 1953 1110 2042 ήν
1123 1984 1149 2025 15

98 2062 132 2126 τὸ
154 2061 277 2147 μέλλον
299 2064 491 2154 πλησιάζειν
514 2063 597 2150 αὐτῇ
627 2065 735 2148 πάσης
757 2064 906 2150 μετέχειν
928 2065 1109 2148 δυνάμεως,

98 2168 148 2233 διὸ
174 2171 480 2254 περιαρμοσάμενος
503 2169 521 2235 ὁ
547 2172 627 2246 θεὸς
652 2171 713 2254 τήν
741 2172 940 2256 σεληνιακὴν
962 2181 1110 2257 σφαῖραν

97 2275 200 2358 πάσης
221 2274 424 2360 μετέχουσαν
447 2277 618 2360 δυνάμεως
640 2288 708 2342 τῶν
727 2279 936 2364 δραστηρίου
956 2288 1109 2363 σφαιρῶν

97 2384 236 2464 πλησίον
262 2390 323 2447 τοῦ
358 2383 482 2458 παντὸς
513 2385 679 2467 αἰσθητοῦ
715 2388 942 2471 παρεστήσατο
983 2387 1110 2471 ἔφορον

97 2497 162 2552 τῶν
189 2491 369 2572 στοιχείων.
420 2489 503 2554 ὅθεν
531 2487 587 2554 καὶ
614 2489 860 2576 τετρακέφαλον
887 2493 948 2576 τὴν
970 2490 1111 2574 Ἑκάτην
1124 2517 1151 2558 ιο
1167 2503 1180 2518 “

98 2592 293 2678 ὁμυστικὸς
316 2596 525 2681 παραδίδωσι
556 2597 656 2678 λόγος
689 2597 745 2661 διά
775 2597 815 2661 τά
847 2595 990 2684 τέσσαρα
1022 2614 1110 2663 στοι-

97 2710 179 2783 χεῖα·
206 2697 261 2764 καὶ
283 2700 304 2784 ἡ
327 2697 390 2785 μὲν
415 2704 604 2786 πυρίπνους
631 2710 691 2767 τοῦ
719 2702 823 2768 ἵππου
850 2705 976 2788 κεφαλὴ
1005 2707 1110 2788 δῆλον

99 2806 139 2884 ὡς
162 2808 210 2882 είς
233 2807 294 2890 τήν
316 2815 376 2873 τοῦ
399 2808 504 2893 πυρὸς
527 2818 675 2893 σφαῖραν
703 2807 917 2894 ἀναφέρεται,
944 2809 964 2893 ἡ
989 2807 1026 2875 δὲ
1049 2819 1109 2876 τοῦ

165 2999 190 3035 v.
211 2985 297 3035 7-13
316 2981 395 3036 Kroll
410 2998 448 3037 or.
470 2981 566 3036 Chald.
585 3000 613 3051 p.
629 2987 662 3036 10
736 2989 770 3037 20
788 2983 867 3037 Kroll
885 2983 903 3038 l.
923 3002 944 3039 s.
964 3001 991 3053 p.
1006 2989 1061 3038 301

165 3159 190 3194 v.
210 3147 226 3194 2
250 3140 388 3196 ἐνιαυτόν.
425 3139 550 3213 βίσεξτον
578 3143 623 3206 ἃλς
644 3141 698 3210 πρὸ
723 3141 751 3207 ἐξ
774 3144 828 3196 κτλ.
849 3143 892 3211 Χ,
920 3140 963 3197 ότι
986 3140 1111 3214 βίσεξτον

98 3212 203 3302 “³²²³
266 3218 288 3337 ι
306 3213 841 3352 ἀκακίανσκίαινα
859 3211 1110 3340 πινάκια

98 3303 149 3409 ἀάἀ
162 3284 267 3426 usgagg}
282 3286 408 3427 ιγπεοάάήτηό
427 3355 506 3409 Kroll
525 3371 563 3409 or.
584 3354 681 3410 Chald.
714 3373 756 3410 .5.
844 3362 876 3410 11
896 3353 995 3410 κόλποι
1012 3303 1115 3410 ἀαληΥ

97 3443 123 3478 τε
141 3424 205 3479 add.
221 3425 275 3480 δελ
343 3431 376 3479 13
395 3426 518 3498 ἀβύσσου
536 3425 683 3506 proposuit
698 3426 778 3481 Kroll
848 3433 880 3482 14
900 3424 943 3482 ὅτι
961 3435 1011 3482 του
1030 3445 1111 3496 μετα-

98 3497 327 3636 βηληηροχλρχιχλτόηἳν
345 3490 487 3638 στοΙιηείηίχ,
497 3497 634 3623 οὲῃιίεχδγ
684 3503 716 3552 17
736 3496 834 3568 διόπερ
852 3497 1044 3569 ἁρμοσάμενος
1058 3499 1113 3554 Rs
