2524 3984
160 190 261 244 LXXII
563 185 768 242 PRAEFATIO

161 359 338 436 legcbantur
356 358 436 434 apud
449 357 639 431 Roetherum,
656 374 717 414 una
736 374 801 414 cum
820 354 901 412 illius
917 353 1053 411 versione
1067 351 1182 409 Latina

163 449 270 506 iterum
293 447 485 523 impressisse,
508 447 604 522 iisque
627 445 796 522 fragmenta
821 442 985 516 Gaseolina,
1014 440 1111 516 qualia
1136 439 1178 497 ab

163 523 269 595 eodem
292 536 386 595 Hasio
414 538 500 594 erant
527 538 644 608 curata,
674 533 862 606 subornasse,
889 531 939 589 vix
963 529 1075 588 duobus
1101 529 1178 587 locis

163 626 198 684 de
226 644 278 684 suo
307 624 416 684 additis
445 623 634 698 coniecturis,
662 623 768 698 quibus
797 620 972 696 corruptelis
1000 618 1178 676 mederetur.

161 717 230 789 post
256 714 385 773 Balnkeri
415 717 514 772 autem
545 713 704 771 editionem
731 711 774 769 111
801 711 871 769 novi
903 709 1038 768 adlatum
1065 709 1109 765 est
1137 706 1179 764 ad
1248 700 1253 751 1

100 793 103 800 ’
162 802 239 878 Lydi
262 803 298 860 de
321 801 470 860 mensibus
493 801 617 876 librum,
644 800 774 875 exceptis
801 799 904 875 paucis
931 798 1017 872 locis,
1048 813 1178 872 quorum
1251 789 1252 847 ἶ

162 910 264 950 curam
285 891 454 950 habuerunt
476 891 533 950 viri
557 890 645 965 docti,
673 908 798 965 quorum
825 887 959 962 nomina,
987 888 1022 944 ut
1043 903 1098 960 par
1121 887 1177 959 est,
1252 881 1253 901 ¹

161 981 193 1038 in
217 983 364 1055 apparatu
388 999 475 1055 quem
498 982 607 1038 vocant
629 979 731 1036 critico
756 979 942 1036 enumeratos
965 975 1105 1034 invenies.
1253 1045 1254 1048 Ἴ

11 1047 150 1137 οὲἓὲἷέξῗ
226 1070 292 1126 Iam
320 1072 420 1126 autem
448 1087 496 1142 ea,
529 1087 605 1144 quae
632 1067 776 1126 hactenus
806 1067 933 1124 diximus
963 1065 1000 1124 de
1028 1063 1176 1137 subsidite,
1254 1061 1255 1064 ’

14 1153 144 1245 edffffim
160 1176 236 1233 quae
255 1157 340 1216 nobis
360 1158 397 1215 ad
416 1157 601 1216 restituenda
615 1155 810 1215 Laurentiani
830 1154 927 1231 operis
945 1153 1037 1212 verba
1054 1155 1175 1229 praesto
1252 1181 1253 1199 1

159 1250 237 1322 sunt,
259 1265 318 1304 uno
343 1247 473 1305 omnium
498 1246 632 1304 codicum
655 1245 706 1321 qui
726 1247 884 1320 supersunt
902 1247 992 1319 atque
1012 1242 1176 1300 editionum
1253 1255 1255 1272 1

160 1354 235 1411 quae
264 1337 367 1394 extant
395 1338 589 1411 conspectu
616 1335 707 1392 liceat
734 1333 898 1408 complecti.
946 1349 1004 1407 quo
1027 1332 1059 1388 in
1087 1333 1176 1388 stem-

158 1428 238 1482 mate
256 1424 312 1482 hoc
330 1424 491 1482 tenendum
510 1427 564 1499 ast,
586 1424 734 1482 rationem
752 1441 863 1497 eorum,
883 1421 934 1497 qui
952 1421 1078 1479 fortasse
1096 1421 1176 1478 inter

158 1514 308 1590 integrum
329 1512 450 1572 Ioannis
473 1512 549 1588 Lydi
573 1512 696 1587 librum,
720 1511 837 1570 saeculo
861 1513 943 1569 sexto
967 1510 1174 1584 conscriptum,
1252 1463 1255 1554 1

159 1605 190 1660 11
211 1601 405 1661 recentiorem
429 1600 579 1677 quandam
603 1602 665 1660 eius
690 1601 851 1676 epitomum
874 1600 1104 1657 intercesserunt
1129 1615 1174 1656 co·
1254 1619 1255 1622 ¹

159 1691 252 1764 dices,
284 1694 348 1748 tum
375 1690 511 1749 habitam
533 1708 593 1748 non
621 1709 697 1763 csse,
729 1709 796 1748 cum
820 1689 893 1748 11111
915 1687 991 1745 nihil
1013 1687 1050 1745 de
1074 1705 1175 1746 eorum
1251 1623 1255 1740 1

158 1783 267 1838 natura
291 1782 448 1838 constaret.
485 1778 534 1836 ubi
558 1798 628 1838 vero
651 1779 732 1836 haud
749 1779 794 1835 ita
818 1780 897 1836 certo
917 1775 1092 1836 statuendus
1111 1777 1178 1834 erat
1253 1785 1254 1792 ’

159 1887 260 1942 nexus
284 1886 343 1943 quo
362 1868 527 1945 iunguntur
548 1869 743 1942 archetypum
766 1870 796 1926 et
819 1865 1002 1944 apographa,
1024 1865 1111 1923 lineis
1131 1865 1175 1921 in·
1249 1798 1255 1921 1

158 1957 303 2032 terruptis
321 1975 394 2016 1313
418 1975 484 2015 sum
506 1957 538 2014 in
561 1956 737 2015 delineando
761 1958 931 2029 stemmate;
954 1955 1039 2012 uncis
1059 1953 1091 2012 in
1113 1953 1176 2010 ima

158 2046 270 2124 pagina
299 2046 407 2104 additis
434 2045 598 2120 indicatur,
626 2045 748 2127 quinam
775 2044 889 2103 codices
917 2063 935 2102 a
961 2043 1088 2120 singuiis
1115 2041 1176 2100 edi·
1252 1993 1255 2118 1

158 2135 273 2194 toribus
293 2135 353 2193 sint
371 2134 507 2207 adhibiti,
525 2135 710 2193 saeculorum
728 2152 865 2192 numeros
882 2133 913 2190 in
932 2131 1066 2208 margine
1085 2130 1175 2189 adno-

159 2225 231 2282 tavi.
271 2225 388 2298 reliqua
412 2223 540 2298 danique
563 2243 617 2298 par
639 2241 670 2281 se
692 2222 853 2280 manifesta
876 2240 938 2280 esse
962 2238 1056 2295 spere.

16 2305 140 2400 “efflffiff
228 2312 418 2371 Enumeratis
441 2312 497 2370 tali
520 2312 608 2370 modo
632 2311 779 2386 subsidite,
805 2330 880 2387 quae
903 2312 1022 2386 praesto
1047 2312 1117 2368 sunt
1141 2309 1176 2380 ei,

160 2402 212 2476 qui
234 2400 312 2476 Lydi
335 2401 371 2459 de
393 2400 542 2459 mensibus
561 2399 672 2458 librum
691 2402 876 2458 tractatibus
896 2402 949 2468 est,
973 2401 1119 2474 superest,
1142 2402 1177 2456 ut

159 2490 304 2548 nonnulla
332 2489 428 2548 dicam
456 2490 492 2547 da
520 2489 688 2562 consilio,
720 2489 802 2564 quod
828 2489 860 2546 11
889 2488 942 2548 1111
971 2487 1049 2546 libro
1080 2488 1175 2546 denuo

160 2579 272 2637 edendo
297 2581 414 2637 secutus
438 2578 501 2637 sim.
549 2578 634 2637 cuius
658 2578 773 2636 consilii
798 2577 928 2653 primum
952 2578 1030 2652 arat,
1058 2579 1093 2634 ut
1118 2576 1174 2635 edi-

159 2667 300 2741 tionibus,
324 2686 401 2742 quae
425 2667 464 2725 ad
485 2667 564 2726 hunc
582 2667 661 2725 diem
679 2666 862 2742 prodierunt,
886 2685 954 2724 cum
974 2665 1072 2724 studio
1091 2685 1174 2741 pera·

159 2755 243 2829 ratis,
270 2774 362 2814 novas
386 2755 560 2815 collationes
584 2774 687 2814 eorum
709 2755 783 2813 mihi
807 2773 1009 2831 compararem
1033 2754 1175 2826 codicum,

161 2845 213 2920 qui
236 2844 273 2902 ab
298 2844 459 2903 editoribus
483 2848 569 2903 erant
591 2844 728 2918 adhibiti,
755 2844 861 2902 deinde
884 2846 919 2902 ut
942 2861 1130 2919 quaererem,
1152 2842 1175 2900 si

160 2935 237 2993 fonte
256 2934 374 3011 ignotos
393 2933 491 2990 adhuc
509 2938 628 3008 praeter
641 2934 709 2992 illos
723 2934 905 3010 investigare
921 2950 1038 3008 possem
1052 2933 1174 2992 codices.

161 3042 290 3099 quorum
313 3041 381 3080 cum
399 3022 557 3081 nonnullos
576 3024 749 3098 reperissem
768 3022 905 3081 uberiora
924 3020 1079 3079 Laurentii
1098 3022 1176 3098 frag·

159 3114 261 3170 menta
285 3111 461 3186 complexos,
489 3111 615 3169 aliorum
642 3111 817 3187 plerumque
841 3113 997 3169 auctorum
1020 3111 1175 3168 sententiis

160 3202 309 3274 immixta,
341 3200 504 3259 curandum
530 3201 592 3258 iam
616 3203 693 3274 erat,
725 3203 759 3258 11
787 3219 822 3257 ax
848 3200 894 3258 his
923 3219 971 3273 ea,
1004 3216 1080 3273 quae
1108 3217 1176 3258 vare

160 3290 244 3365 Lydo
269 3292 367 3348 essent
388 3289 556 3364 tribuenda,
580 3291 762 3363 eruerentur,
786 3291 872 3348 eruta
895 3289 957 3346 suis
980 3287 1052 3345 loeis
1072 3288 1175 3346 verbo·

160 3399 227 3437 rum
257 3379 407 3437 contextui
439 3379 646 3437 insererentur.
698 3381 788 3453 atque
821 3378 856 3434 de
888 3375 1069 3450 1111111111,
1103 3393 1176 3452 quas

161 3470 279 3526 secutus
303 3467 434 3544 singulas
457 3466 600 3542 reliquias
622 3467 728 3525 Ioanni
751 3466 977 3540 vindicaverim,
1006 3482 1096 3539 supra
1120 3467 1176 3523 dis·

162 3556 239 3614 serui
264 3557 415 3614 occasione
435 3555 515 3631 data,
538 3556 680 3631 itemque,
704 3555 810 3631 quibus
830 3555 925 3614 causis
945 3555 1110 3614 commotus
1130 3574 1176 3612 ex-
