2530 3988
195 171 259 236 178
428 170 658 226 FRAGMENTA
675 170 858 226 INGERTAE
878 171 979 226 SEDIS

329 515 633 589 FRAGMENTA
658 515 908 590 INOERTAE
937 515 1079 590 SEDIS.

160 683 178 737 S
261 675 279 736 1
305 681 388 749 (163).
403 671 474 738 Ὅτι
494 673 694 758 στρατιώτης
707 697 757 748 τις
775 672 956 749 ἀκόλαστος
975 672 1012 738 ἐν
1022 671 1130 755 <Λα>-
1140 682 1244 738 deesfflr

196 781 374 856 δαστάνοις
397 779 535 846 ἐπέθετο
558 777 693 862 γυναικί
718 779 870 865 σώφρονι
893 781 1086 865 βιαζόμενος
1107 779 1198 860 αὐτὴν

195 889 279 973 πρὸς
301 886 448 970 ὁμιλίαν·
476 896 534 970 τῆς
557 882 594 950 δέ
621 885 901 972 παραιτουμένης,
929 887 973 962 ὡς
999 889 1103 963 πολὺς
1126 882 1197 968 ήνό

170 996 348 1079 οφθορεὺς
371 992 591 1078 ἐπικείμενος,
618 993 701 1078 πρὸς
724 992 870 1076 αὐτὸνή
898 995 984 1076 γυνή
1012 1011 1128 1078 φησιν,
1152 993 1198 1072 ἀς,

197 1101 227 1164 εί
249 1098 403 1183 ἀφέξεται
427 1099 538 1183 αὐτῆς,
561 1100 726 1184 παράσχοι
749 1100 881 1176 πάντως
900 1099 1076 1186 φάρμακου
1093 1101 1127 1165 τὸ
1144 1109 1197 1162 σῶ-

197 1210 254 1284 ζον
277 1204 380 1271 αὐτὸν
403 1205 597 1290 ἀπήμαντον
619 1205 684 1270 ἀπὸ
706 1204 834 1290 ξίφους,
857 1204 911 1271 καί
930 1213 1109 1272 θανατῶσα
1124 1200 1197 1287 ὑπὲρ

197 1321 255 1395 τῆς
278 1313 394 1388 αἰδοῦς
416 1316 551 1377 πείθειν
573 1309 668 1395 ήξίου
691 1311 805 1396 αὐτόν,
834 1311 887 1377 ἐπὶ
910 1322 971 1378 τοῦ
997 1311 1112 1397 ἑαυτής
1132 1335 1198 1395 τρα-

197 1421 302 1502 χήλου
323 1420 386 1502 τήν
409 1429 528 1504 πεῖραν
552 1420 680 1501 λαβεῖν·
704 1417 722 1483 ὁ
746 1414 783 1483 δὲ
805 1417 930 1501 πλήξας
953 1419 1059 1503 αὐτήν
1076 1429 1131 1504 τής
1146 1414 1198 1502 μὲν

158 1551 184 1590 10
199 1524 378 1610 ἐπιθυμίας
412 1523 548 1608 ἑαυτὸν,
586 1524 716 1609 ἐκείνην
749 1522 785 1589 δὲ
817 1534 875 1607 τής
907 1529 988 1610 ζωής
1021 1527 1198 1611 ἐζημίωσεν·

93 1641 233 1697 SCedren.
249 1633 332 1696 ὥστε
355 1626 448 1697 οἶδεν
471 1631 489 1697 ὁ
512 1634 633 1717 χρόνος
651 1632 731 1717 μετά
749 1632 808 1696 τὸν
827 1635 1036 1717 Σθενεβοίας
1054 1637 1199 1716 Βελλερο-

198 1741 327 1824 φόντην
354 1736 409 1803 καὶ
437 1737 565 1822 Τέννην
591 1739 652 1803 τὸν
674 1736 905 1822 Ἀλφεσιβοίας
931 1738 986 1805 καί
1014 1739 1126 1824 Πηλέα
1149 1738 1200 1801 τὸν

194 1843 430 1928 Ἀστυδαμείας
457 1843 511 1909 καί
531 1844 729 1911 Ἱππόλυτον
755 1847 815 1910 τὸν
841 1849 950 1912 πολὺν
972 1845 1027 1912 καί
1050 1848 1110 1930 τήν
1129 1839 1195 1908 καθ’

197 1951 282 2036 ἡμᾶς
305 1952 479 2036 σώφρωνα.

164 2069 182 2123 S
265 2055 317 2134 2(
308 2065 390 2144 (1οή).
401 2055 620 2142 ΟτιὸΤαγης
629 2061 711 2123 κατα
724 2061 803 2135 τοὺς
816 2059 1017 2145 λεγομενους
1025 2066 1137 2150 κλιμα
1144 2063 1245 2122 deesfflr

159 2194 185 2232 ιε
198 2167 319 2250 τάρχας
339 2163 527 2248 ἐμφύεσθαι
548 2164 636 2243 ἀξιοι
648 2177 718 2242 τοῖς
737 2164 918 2250 ἑκασταχοῦ
937 2166 1123 2251 γινομένοις
1139 2125 1245 2229 δαί-

199 2295 303 2356 μονας
323 2271 492 2354 ὑπηκόους
511 2271 657 2355 έκεινων,
680 2273 741 2356 την
760 2283 828 2337 τῶν
846 2272 980 2360 ἐφόρων
997 2269 1168 2358 δόναμιν’
1154 2267 1198 2333 επὶ
1243 2329 1244 2377 χ

199 2390 266 2443 τῶν
289 2377 517 2463 ἀνθρωπίνων
538 2376 690 2464 πράξεων
716 2377 1001 2464 ἐνδεικνυμένους,
1029 2371 1102 2446 οἷον
1125 2382 1199 2461 Θρᾷ·

198 2508 259 2559 κας
281 2481 343 2568 μὲν
370 2485 519 2570 ἀρπαγας
546 2483 601 2550 καί
629 2485 740 2570 ὠμοὺς
767 2487 823 2551 διά
845 2488 907 2570 τήν
931 2496 992 2552 τοῦ
1005 2486 1121 2574 Ἀρεος
1141 2483 1199 2548 ἐπι·
1242 2567 1243 2581 χ

160 2591 370 2675 εοκράτειαν,
402 2593 480 2668 τοὺς
513 2588 550 2657 δὲ
581 2592 665 2678 πρὸς
696 2602 735 2678 τῇ
769 2590 834 2679 ἑώηι
862 2594 1012 2678 θερμούς
1040 2617 1131 2670 τινας
1153 2587 1199 2654 καλ

200 2706 328 2783 χρυσοῦ
359 2696 503 2783 ἐρῶντας
534 2696 589 2764 καί
621 2697 697 2784 περί
729 2701 789 2764 τὸν
824 2700 946 2765 τούτου
978 2703 1085 2786 πόρον
1112 2699 1198 2782 ἀγρυ-
1241 2747 1242 2785 ,

200 2814 378 2888 πνοῦντας,
401 2796 456 2869 οἷα
478 2805 628 2888 ήλιακοίς
651 2807 807 2890 δαίμοσιν
831 2805 1041 2891 ἐγκειμένους
1064 2799 1197 2886 καὶπερὶ

200 2913 262 2995 τήν
283 2911 367 3000 ήλίφ
391 2911 611 2997 ἀνακειμένην
633 2912 718 2996 ὕλην
741 2911 1020 2999 ἀναφερομένους.

268 3017 289 3082 3
309 3026 393 3094 (165).
403 3016 474 3082 Ὅτι
489 3018 506 3084 ὁ
522 3020 718 3102 Αὔγουστος
731 3019 886 3085 καθελὼν
894 3019 1076 3085 Ἀντώνιον
1088 3017 1140 3084 καί
1148 3019 1233 3081 deestssr

271 3212 295 3246 v.
312 3200 327 3246 2
348 3191 576 3286 ἐνδαστάνοιςδ,
596 3193 627 3249 ἐν
646 3193 888 3266 <Δα>δαοτάνοις
909 3193 1047 3265 temptavi
1119 3189 1177 3246 11
1165 3209 1197 3244 οτι
1239 3163 1240 3191 A

196 3266 351 3355 σώφρονες
357 3262 497 3331 Ελλήνων
517 3260 606 3319 οὗτοι·
631 3263 853 3334 Βελλεροφόντης
867 3263 1043 3356 Σθενεβοίας
1061 3266 1109 3320 καί
1128 3260 1198 3328 Τ

196 3333 386 3406 Ἀλφεσιβοίας
410 3337 458 3390 καί
482 3337 590 3405 Πηλεὺς
612 3334 807 3405 Ἀστυδαμείας
831 3338 880 3390 καὶ
902 3334 1066 3398 Ιππόλυτος
1091 3332 1198 3401 Φαίδρας
1238 3363 1239 3395 ι

201 3406 301 3477 Georg
321 3406 436 3461 Cedren
457 3406 524 3461 hist
548 3425 636 3478 comp
656 3427 683 3494 ρ.
699 3409 911 3477 296,16B0nn
999 3414 1031 3462 16
1051 3402 1198 3466 ἐκάττουδ

202 3493 270 3531 corr.
286 3476 337 3532 Gu
352 3476 432 3531 Kroll
495 3485 528 3532 23
547 3479 597 3535 τὸν
615 3479 741 3549 ήλιουδ,
761 3495 834 3548 quae
854 3478 961 3534 correxi
1024 3485 1106 3546 §165
1123 3476 1197 3548 primo

201 3547 321 3602 fortasse
339 3547 412 3604 libro
432 3553 474 3603 est
492 3501 663 3606 vindicanda
735 3523 770 3604 ’24
788 3549 985 3607 ἀντωνίνονδ
1237 3561 1238 3599 ί
