2556 3996
452 197 561 252 LIBER
578 196 733 253 TERTIUS
1055 199 1099 264 45

88 357 142 424 καί
164 359 220 426 νέα
242 361 263 445 ἡ
285 362 400 447 πρώτη
423 369 484 426 τοῦ
506 361 611 446 μηνὸς
628 361 717 446 παρὰ
730 359 900 446 Ἀττικοῖς,
922 361 982 447 ἕνη
1001 359 1039 428 δὲ
1057 362 1077 447 ή
1093 371 1205 427 Cedren.

88 471 262 534 τελευταία.
303 469 483 545 Καλάνδας
499 464 536 533 δὲ
556 467 656 544 αὐτοῖς
675 468 708 533 οῖ
720 466 856 534 παλαιοὶ
870 473 1206 556 προσηγόρευ-ΧῩΗὸ

89 589 150 637 σαν
163 572 194 652 ἐξ
208 573 382 659 ἕλληνικής
396 579 567 660 σημασίας,
581 574 646 640 ἀπὸ
660 584 721 640 τοῦ
738 581 853 641 καλεῖν
870 576 929 641 τὸν
947 577 1101 664 ἀρχιερέα

88 680 147 762 τήν
175 683 303 766 βουλήν
331 680 368 747 έν
394 692 434 768 τῇ
462 681 621 768 λεγομένῃ
649 684 812 769 Καλαβρᾷ
841 686 1010 770 βασιλική,
1044 683 1100 750 καί

88 791 273 872 σημαίνειν,
303 795 369 854 εῖτε
398 789 460 875 χρή
489 790 572 854 κατὰ
600 790 661 873 τήν
689 800 891 874 πεμπταῖαν,
919 796 987 857 εῖτε
1017 793 1100 856 κατὰ
1127 809 1140 850 ι

89 894 146 976 τήν
166 895 347 980 διχότομον
368 905 426 979 τής
449 899 589 980 σελήνης
607 893 791 962 ἐπιτελέσαι
804 897 866 980 τήν
883 909 951 962 τῶν
968 901 1101 962 Νιονῶν

90 998 217 1086 ἑορτήν,
250 1001 283 1081 έξ
310 997 350 1086 ής
381 1004 443 1087 τήν
474 1005 680 1087 μεσομηνίαν
715 1001 906 1089 ἐπετήρουν.
957 1001 1011 1070 ἐπὶ
1038 1001 1100 1089 μὲν
1113 1019 1193 1074 XYS

88 1109 148 1193 χάρ
171 1121 238 1174 τῶν
260 1120 376 1194 μηνῶν
398 1120 466 1174 τῶν
488 1111 538 1174 ἔτι
564 1106 620 1174 καὶ
646 1117 712 1174 νῦν
737 1110 796 1186 τάς
819 1112 1015 1194 σεληνιακάς
1038 1127 1101 1176 σω-

89 1216 208 1292 ζόντων
235 1213 350 1301 ἑορτάς
379 1219 561 1300 πεμπταίας
589 1217 648 1291 τάς
670 1216 793 1293 Νώνας
821 1215 990 1301 ἐσήμαινε,
1019 1216 1096 1283 καθ’

88 1319 125 1397 ἀς
146 1320 200 1387 έπὶ
222 1332 281 1405 τῆς
300 1321 573 1407 τρισκαιδεκάτης
594 1319 650 1387 καὶ
672 1333 800 1409 μοιρῶν
827 1346 944 1408 τινων,
973 1324 1013 1390 οὐ
1040 1326 1102 1408 τήν
1115 1353 1141 1393 10

88 1436 146 1492 τοῦ
175 1430 300 1513 φωτός,
329 1427 413 1494 ἀλλά
439 1429 502 1511 τήν
527 1437 588 1494 τοῦ
616 1434 814 1513 σεληνιακοῦ
840 1431 991 1515 σώματος
1014 1433 1101 1508 εἰκός

89 1531 154 1598 ἐστι
194 1533 386 1620 συντρέχειν
427 1537 597 1620 μεσότητα.
655 1536 673 1601 ὁ
710 1538 774 1622 γὰρ
810 1549 878 1603 τῶν
918 1539 1102 1624 δεκατριῶν
1115 1551 1172 1604 ΧΥ

89 1639 229 1726 ἀριθμὸς
252 1639 452 1724 συνέστηκεν
469 1641 507 1706 ἐκ
524 1653 592 1706 τῶν
608 1643 751 1728 πρώτων
768 1644 868 1709 δυοῖν
884 1645 1102 1729 τετραγώνων

89 1756 148 1812 τοῦ
162 1745 305 1834 τέσσαρα
317 1745 373 1812 καὶ
386 1757 447 1813 τοῦ
460 1747 558 1813 έννέα
573 1786 615 1795 -
628 1748 747 1842 ἀρτίου
760 1773 796 1814 τε
814 1749 869 1815 καὶ
885 1760 1043 1836 περιττοῦ
1057 1787 1101 1798 -

88 1856 229 1940 πλευρὰς
262 1853 407 1938 ἐχόντων
440 1863 501 1920 τοῦ
538 1851 600 1939 μὲν
635 1855 752 1941 ἀρτίου
789 1857 827 1921 τὸ
858 1857 976 1922 ὑλικὸν
1011 1853 1101 1934 εἶδος
1114 1877 1141 1918 15

88 1959 204 2044 δνάδα,
226 1969 287 2026 τοῦ
311 1957 348 2025 δὲ
370 1970 527 2046 περιττοῦ
549 1962 611 2045 τήν
633 1963 834 2047 δραστήριον
858 1963 951 2028 ἰδέαν
971 1965 1101 2049 τριάδα.

88 2061 183 2142 οὗτος
213 2061 276 2132 οὖν
305 2066 324 2132 δ
349 2066 538 2153 ἀριδμδςή
567 2072 703 2152 μεγίστη
732 2067 787 2133 καὶ
817 2070 1004 2154 τελειοτάτη
1033 2082 1101 2135 τῶν

85 2170 210 2258 ἑορτῶν
233 2172 350 2256 μέμονε
371 2184 443 2251 τοῖς
469 2173 619 2260 ἀρχαίοις
648 2173 846 2261 ίπιτήρησις.
891 2174 912 2258 ή
935 2177 999 2262 ηάρ
1022 2198 1100 2242 πεν-
1113 2193 1193 2248 XYS

88 2281 296 2364 τεκαιδεκάτη
316 2282 405 2367 παρά
424 2284 541 2366 μοίρας
559 2279 593 2359 ἓξ
612 2283 735 2367 κυρίως
759 2267 849 2347 ἐστίν
866 2281 886 2365 ή
906 2287 1100 2367 μεσομηνία,

88 2387 189 2452 αὐτοῦ
208 2388 272 2472 γάρ
295 2396 356 2452 τοῦ
379 2390 489 2472 φωτός
510 2387 601 2453 ἐστιν
618 2386 639 2470 ή
658 2391 805 2473 μεσότης.
842 2389 926 2454 ὅθεν
943 2388 998 2454 καὶ
1017 2392 1101 2468 Διὸς
1115 2411 1141 2452 ιο

88 2493 191 2576 αὐτὴν
210 2491 328 2579 ἑορτήν
346 2485 421 2560 οἷον
435 2494 554 2560 Ἡλίου
572 2499 776 2580 νενομίκασι,
800 2493 846 2560 δι’
864 2491 905 2561 οὗ
924 2497 1102 2582 σύμφαμεν

88 2603 289 2684 φωτίζεσθαι
311 2601 374 2684 τήν
392 2603 554 2686 Σελήνην.
601 2600 654 2667 ἐπὶ
673 2599 710 2667 δὲ
732 2614 801 2668 τῶν
822 2601 970 2686 ἡλιακῶν
987 2615 1102 2688 μηνῶν

156 2810 181 2845 v.
199 2797 213 2844 1
233 2793 281 2846 καῖ
299 2790 350 2848 νέα
365 2824 398 2832 -
414 2799 429 2846 2
448 2791 591 2848 τελευταία
615 2793 713 2846 addidi
737 2794 892 2864 eGeorgio
911 2795 1037 2850 cedreno
1057 2796 1100 2850 ed.

90 2862 174 2917 Bonn.
215 2869 297 2932 .296‚
312 2879 350 2919 ενι
375 2862 417 2918 δτι
440 2862 491 2918 νέα
510 2897 544 2904 -
563 2863 628 2934 ένυη
653 2863 684 2918 δὲ
707 2864 725 2934 ἡ
748 2864 899 2920 τελευταία.
936 2865 1062 2936 καλάνδη
1083 2866 1101 2936 ἡ

90 2881 369 3078 ηοήιοη
383 2938 573 3076 οη
592 2935 1101 3078 ηιιιηινιιιιιι

91 3075 152 3145 εἴτε)
178 3025 229 3146 χήή
255 3027 432 3148 (χρῆναιρηΥ)
460 3077 531 3132 κατά
556 3027 608 3146 τήν
633 3077 722 3146 (omia.
742 3079 793 3147 M)
821 3076 970 3149 διχοτόμον
997 3082 1052 3133 κτλ.
1077 3079 1106 3132 Y

88 3152 107 3200 6
125 3144 232 3202 νόνναι
255 3147 359 3202 similia
377 3165 461 3217 saepe
485 3147 594 3202 codices
618 3164 713 3202 omnes
785 3154 801 3202 8
821 3148 861 3203 ἔτι
880 3151 928 3204 καῖ
950 3158 1003 3205 νῶν
1023 3149 1101 3204 omis.

96 3218 146 3274 ΥΒ
219 3217 399 3274 9έιτετέῖουν
421 3220 455 3288 Υ,
479 3219 630 3289 ἐσήμαινον
648 3220 676 3286 δ,
701 3219 831 3288 ἐσήμαινε
851 3221 883 3274 Χ
957 3226 989 3274 11
1009 3221 1102 3289 φωτὸς

91 3291 127 3352 ὡς
143 3287 249 3358 εἴρηται
268 3289 336 3344 ἀλλὰ
354 3291 394 3361 δή
413 3290 465 3360 τὴν
483 3290 561 3346 omis,
575 3292 603 3346 A
676 3297 710 3344 12
729 3292 744 3345 δ
763 3290 816 3361 χάρ
836 3323 869 3331 -
890 3296 922 3344 18
942 3291 1101 3361 έπιτήρησις

92 3360 230 3416 desuntS
308 3367 341 3415 13
359 3371 415 3417 τῶν
434 3361 512 3417 omis,
532 3363 562 3416 Υ
583 3366 586 3432 Ι
612 3363 691 3418 δυεῖν
708 3364 736 3417 Α
819 3368 852 3416 16
872 3360 1043 3432 δραστηρίοιν
1062 3363 1099 3432 X,

92 3430 255 3499 δραστήριον
272 3433 331 3487 ΥΒ
400 3439 432 3486 17
453 3429 515 3505 οὖν]
534 3432 587 3504 χάρ
602 3433 668 3487 DE
739 3439 772 3487 18
792 3433 974 3501 ἑορταστικῶν
991 3437 1101 3489 θυσιῶν

97 3503 129 3570 Υ,
140 3501 243 3570 ἑορτῶν
257 3504 289 3556 Χ
303 3506 307 3574 Ι
322 3505 371 3558 καὶ
385 3502 437 3574 γὰρ
454 3504 481 3559 G
535 3510 568 3559 19
586 3503 665 3573 παρὰ
679 3502 778 3574 μοίρας
792 3503 819 3570 ἓξ
834 3503 912 3559 omis,
933 3505 962 3558 Y
1008 3510 1040 3559 21
1057 3503 1096 3560 δι’

93 3571 125 3629 οδ
140 3605 170 3614 -
186 3580 219 3628 22
238 3575 366 3646 Σελήνην
385 3575 462 3629 omis.
482 3576 505 3631 S
575 3582 608 3630 22
628 3585 723 3647 μηνῶν
741 3575 820 3631 omis.
840 3577 909 3630 ΧΥ
