2524 3984
467 156 673 213 PRAEFATIO
962 157 1078 212 xxxix

75 327 179 388 toniani
210 310 416 405 apographum
446 325 479 385 in
511 326 610 386 codice
642 325 840 385 Mutinensi
876 344 1004 404 graeco
1033 327 1076 386 34

77 409 300 498 (m—A--20)
333 416 488 476 chartaceo
522 432 544 473 s.
571 415 651 494 XIV,
682 415 767 475 cuins
798 415 939 475 ultimum
970 415 1077 475 folium

75 506 171 582 incipit
188 512 271 565 arod
293 503 435 585 καρκίνον
459 507 565 584 μοῖραν
589 495 641 585 (cf.
659 503 704 563 ed.
722 523 751 581 p.
771 505 823 579 60,
837 499 891 582 16)
912 506 943 588 et
960 502 1076 562 Hamil·

76 594 180 654 toniani
192 593 283 654 verba
302 593 441 670 exprimit
458 611 551 668 usque
566 592 604 652 ad
618 589 803 670 ἐπιτηδείων·
826 589 878 674 ἔαρ
892 589 930 670 δὴ
944 592 1076 652 ineuntis

75 683 170 743 mensis
192 682 326 742 Ianuarii
352 673 395 764 (p.
420 675 557 764 75,13).
608 681 764 758 descripsit
790 682 847 742 hoc
872 681 979 741 folium
1003 679 1075 740 Gui-

74 771 168 832 lelmus
194 771 406 852 Weinberger,
436 771 490 847 qui
516 770 596 829 hunc
621 769 752 830 codicem
776 770 855 829 inter
881 789 929 830 eos
956 789 1075 828 enume-

75 863 125 936 rat,
151 860 259 937 quibus
282 860 551 920 Philostratearum
572 859 738 937 imaginum
764 859 907 919 memoria
930 861 1075 934 servatur,

74 949 236 1009 Studiorum
266 948 542 1008 Vindobonensium
572 949 630 1007 vol.
653 949 710 1007 XV
738 968 766 1024 p.
791 950 869 1024 3083
901 947 1074 1026 apographo

36 1085 40 1096 .
74 1038 127 1098 eius
145 1037 181 1098 ab
199 1039 266 1116 ipso
285 1036 413 1117 benigne
431 1037 507 1096 mihi
525 1055 663 1097 concesso
680 1055 752 1097 usus
771 1055 845 1113 sum,
864 1036 915 1096 sed
934 1036 1076 1114 quoniam

74 1127 134 1186 novi
160 1127 236 1186 nibil
266 1146 303 1187 ox
331 1146 366 1187 eo
395 1125 549 1203 discimus,
583 1125 615 1184 id
646 1126 702 1186 hoc
733 1126 799 1186 loco
830 1143 1075 1187 commemorasse

74 1216 222 1275 subserit

129 1304 375 1364 Enumeravimus
397 1304 540 1363 hactenus
564 1321 613 1364 eos
633 1303 749 1363 codices
766 1302 976 1363 Laurentianis
994 1304 1074 1381 frag-

72 1394 168 1454 mentis
189 1393 333 1470 repletos,
364 1411 490 1468 quorum
519 1391 634 1452 librarii
664 1392 783 1470 singula
811 1393 912 1468 capita
933 1393 966 1451 in
987 1411 1075 1453 usum

73 1498 147 1541 snum
168 1483 330 1560 verterunt,
354 1481 416 1541 sive
438 1483 474 1540 ut
496 1480 643 1540 elementa
662 1481 769 1540 fierent
786 1480 939 1540 doctrinae
957 1482 1074 1541 univer-

73 1570 133 1630 selis
159 1563 200 1654 (lt
222 1561 311 1653 sim),
343 1569 405 1631 sive
434 1572 470 1629 ut
499 1569 691 1650 astronomici
720 1571 868 1629 tractatus
897 1572 1075 1629 ornarentur

73 1658 195 1719 doctina
217 1659 300 1718 illius
324 1650 371 1740 (P,
385 1650 442 1742 H);
465 1659 527 1717 iam
549 1677 619 1718 vero
642 1661 829 1718 transeamus
852 1657 891 1717 ad
910 1677 960 1740 eas
979 1659 1073 1734 epito-

73 1766 139 1826 mas,
167 1767 294 1826 quarum
323 1751 460 1807 auctores
486 1747 518 1806 id
548 1750 686 1826 egerunt,
719 1749 756 1806 ut
782 1748 935 1826 integrum
963 1747 1074 1806 librum

73 1835 129 1917 περὶ
148 1845 250 1916 μηνῶν
267 1838 443 1914 perorarent
466 1838 681 1912 enotarontque
700 1855 911 1913 quaecumque·
929 1836 1074 1896 memoria

73 1923 134 2000 ipsis
158 1926 331 1986 viderentur
362 1926 468 2004 digna:
512 1926 570 1986 hae
607 1926 687 1985 enim
723 1925 804 1985 solae
836 1944 906 1984 vere
939 1925 1073 1985 codicum

73 2012 329 2076 Laurentianornm
351 2015 537 2076 recensiones
560 2016 687 2092 possunt
709 2013 775 2072 dici
822 2032 948 2090 quarum
966 2013 1074 2092 prima,

73 2103 178 2181 etipsa
199 2105 306 2183 ignota
332 2105 441 2183 adhuc,
474 2106 679 2180 excerptorum
702 2102 838 2162 collectio
863 2105 908 2162 est
936 2101 973 2161 ab
1002 2120 1073 2161 ano·

72 2209 149 2267 aymo
170 2192 301 2270 quodam
323 2193 504 2270 conscripta,
534 2211 625 2270 quam
657 2191 790 2253 servavit
815 2190 907 2251 codex
931 2190 1072 2250 Scoria-
1102 2213 1129 2244 co

73 2278 172 2342 lenuis
196 2282 391 2341 c-—IH-l.
438 2281 609 2341 adverterat
636 2282 737 2340 autem
764 2279 898 2339 animum
918 2299 1018 2338 meum
1040 2279 1073 2339 in

73 2369 189 2430 codicem
210 2371 297 2430 illum
320 2370 480 2447 descriptio
503 2363 622 2446 Millerb
645 2369 698 2446 qui
719 2369 752 2428 in
772 2367 916 2447 Galalogo
939 2368 1074 2429 codicum

74 2475 152 2519 manu
168 2460 347 2538 scriptorum
361 2478 536 2539 graecorum
554 2457 786 2518 Scorialensium
799 2477 827 2534 p.
845 2459 908 2516 174
922 2457 1073 2538 narrabat,

74 2544 187 2626 incipere
219 2549 252 2608 in
280 2549 369 2608 huius
401 2547 511 2607 codicis
542 2547 615 2607 folio
642 2549 726 2608 107*
748 2546 919 2624 fragmenta
950 2543 982 2606 ἐκ
1014 2553 1073 2607 τῶν

73 2644 115 2696 rot
127 2637 321 2720 Λαυρεντίου,
334 2637 505 2714 primosque
518 2637 606 2696 huius
625 2636 775 2713 epitomae
788 2653 894 2695 versus
908 2635 1072 2712 exscripsit.

73 2742 184 2799 quorum
207 2746 276 2787 cum
297 2726 415 2804 plenior
436 2725 595 2785 verborum
619 2725 705 2802 copia
724 2727 809 2802 esset,
833 2743 923 2800 quam
946 2724 1072 2800 quaein

72 2814 182 2891 reliquis
205 2814 362 2894 legebatur
384 2813 519 2874 codicum
541 2812 774 2892 recensionibus,
796 2833 851 2891 per
868 2813 987 2873 litteras
1011 2811 1073 2872 adii

71 2899 284 2964 Mordauntium
321 2902 473 2979 Burnum,
514 2903 614 2963 virum
652 2902 772 2962 doctum
805 2901 980 2978 Britanum,
1019 2901 1073 2977 qui

71 2991 125 3050 tum
152 2993 184 3052 in
212 2992 394 3052 monasterio
426 2991 604 3052 Scorialensi
634 2991 770 3051 codicum
803 2990 903 3050 studio
935 2989 1072 3066 vacabat,

71 3097 183 3158 cumque
195 3081 311 3160 rogavi,
324 3084 361 3140 ut
373 3080 504 3142 codicem
522 3080 554 3139 in
571 3099 659 3140 usum
676 3099 775 3139 meum
794 3079 951 3140 evolveret.
988 3078 1072 3138 cuius

70 3164 183 3249 benigno
218 3188 359 3248 responso
395 3169 572 3230 firmabatur
608 3169 709 3247 opinio
745 3187 824 3247 mea,
861 3186 968 3245 operae
1009 3183 1080 3252 esse

70 3259 199 3337 pretium,
230 3259 305 3319 folia
336 3259 408 3336 ista,
441 3258 549 3336 quibus
572 3258 803 3319 continebantur
824 3254 860 3316 τὰ
882 3253 914 3316 ἐκ
936 3261 996 3315 τῶν
1018 3262 1074 3341 τοῦΙ

71 3348 254 3428 Λαυρεντίον,
276 3348 446 3408 accuratius
466 3348 645 3425 perquirere.
682 3365 779 3423 neque
796 3365 844 3404 me
863 3363 930 3421 spes
948 3343 1071 3403 fefellit:

71 3432 177 3495 uberem
207 3436 287 3497 enim
315 3436 446 3496 finctum
469 3456 485 3496 e
509 3436 608 3497 codice
637 3436 691 3495 illo
717 3434 918 3493 Φ-ΙΠ-Ι
943 3433 1071 3511 percepi,

72 3527 218 3602 postquam
250 3528 321 3589 ante
352 3526 406 3585 hos
443 3525 516 3585 duos
549 3544 642 3586 annos
675 3524 712 3584 ad
744 3523 956 3583 bibliothecam
987 3522 1073 3581 illam
