2556 3996
484 217 593 272 ωεωιι
610 204 781 274 ωωιωωε
980 234 982 242 ·
1084 218 1127 284 37

111 381 250 447 κελσθιῖιι
267 383 329 466 τὴν
346 378 418 446 κατ’
442 381 564 458 αὐτοὺς
582 381 694 467 χώραν
715 379 771 447 καὶ
793 383 999 466 κατὰφύσιν
1021 384 1130 470 ὥσπερ
1151 392 1169 446 S

111 487 150 566 ἐξ
176 486 328 576 ὑπερῴας
355 487 460 574 ἀρχὴν
486 490 549 573 τὴν
579 487 658 555 καθ’
681 488 766 574 ἡμᾶς
797 489 974 555 θάλασσαν
1007 489 1042 556 ἐκ
1070 500 1130 556 τοῦ

113 595 338 681 ὑπερβορείου
370 596 552 680 λαμβάνειν
588 595 750 662 ὠκεανοῦ·
784 597 847 662 δύο
877 598 940 683 γάρ
978 599 1132 681 εἰσβολάς

115 697 204 768 εἶναι
217 704 276 778 τὰς
294 701 518 779 άτοτελούσας
532 702 637 786 αὐτὴν
654 699 754 768 παντὶ
777 704 893 788 δῆλον·
911 706 992 788 μίαν
1013 700 1075 788 μὲν
1098 703 1131 781 ἐξ

109 808 295 894 Ἱσπανίας,
317 809 379 893 τὴν
401 805 439 875 δὲ
462 807 592 895 ἑτέραν,
615 811 660 887 ὡς
683 815 825 897 είρηται,
848 810 883 876 ἐκ
905 820 966 877 τοῦ
988 810 1131 896 ὑπερβο-
1159 829 1171 869 ⁵

114 918 211 1002 ρείου
229 915 388 1000 ὠκεανοῦ,
412 914 452 983 ὃν
469 913 526 981 καὶ
539 918 690 1002 Κρόνιον
704 915 848 1000 πέλαγος
865 917 899 982 οὶ
917 917 1131 1003 χωρογράφοι

113 1027 267 1105 καλοῦσι,
288 1023 379 1109 παρὰ
400 1023 462 1106 τὴν
481 1025 692 1106 Πτολεμαίου
709 1021 824 1101 δόξαν·
848 1023 948 1100 αὐτὸς
969 1025 1033 1109 γάρ
1052 1027 1132 1109 μιάυ

111 1125 170 1194 καί
192 1131 301 1213 μόνην
322 1129 478 1213 εἰσβολὴν
500 1124 671 1213 εἶναιτὴν
693 1128 729 1194 ἐκ
746 1139 808 1195 τοῦ
826 1130 965 1196 δυτικοῦ
983 1131 1132 1197 ὠκεανοῦ

112 1237 270 1320 βούλεται
292 1237 355 1320 τὴν
377 1237 433 1302 διά
453 1237 635 1322 Γαδείρων.
670 1234 726 1302 καὶ
744 1235 798 1302 ἐπὶ
820 1233 882 1321 μὲν
904 1247 963 1321 τῆς
980 1240 1132 1303 καθόλου

111 1345 334 1427 παλαιότητος
351 1342 492 1418 Σιύθας
509 1343 552 1408 άν
569 1367 620 1419 τις
642 1343 793 1430 ύπολάβη
816 1344 1001 1430 πρωτεύειν
1020 1343 1056 1409 ἐκ
1074 1352 1132 1426 τῆς
1149 1364 1174 1402 ιο

113 1449 255 1535 ῥευστῆς
277 1449 405 1533 οὐσίας,
426 1449 469 1532 ἣν
491 1459 559 1516 τῶν
581 1453 753 1534 στοιχείων
770 1451 907 1536 πρώτην
924 1445 1012 1516 εἶναι
1030 1449 1132 1534 ἀναμ-

113 1559 329 1641 φισβήτητον.
385 1557 469 1623 ὅθεν
503 1554 559 1622 καὶ
594 1559 731 1643 Πάρθοι
766 1559 841 1641 ἤτοι
878 1554 1007 1643 Πέρσαι
1049 1553 1133 1641 μέγα

114 1673 304 1749 φρονοῦσιν
335 1662 389 1730 ἐπὶ
419 1666 628 1748 παλαιότητι·
656 1664 798 1740 Σκύθας
829 1660 867 1729 δὲ
890 1663 1013 1740 αὐτοὺς
1045 1657 1133 1727 εἶναι

112 1770 235 1848 πάντες
266 1767 328 1856 μὲν
358 1780 601 1858 μαρτυροῦσιν,
627 1768 803 1858 Ἀρριανὸς
835 1766 873 1836 δὲ
900 1771 1063 1836 δείκνυσι·
1095 1769 1132 1835 τὸ

113 1877 180 1962 γάρ
204 1877 345 1963 Πάρθος
367 1878 472 1962 όνομα
495 1876 513 1942 ὁ
537 1876 677 1961 Σκύθης
698 1874 754 1941 καὶ
782 1877 906 1960 ἔπηλυς
931 1875 1001 1941 κατ’
1029 1875 1133 1941 αὐτὸν
1147 1894 1173 1936 15

115 1993 156 2070 τῇ
175 1987 326 2049 Σκυθῶν
343 1993 439 2070 φωνῇ
463 1981 684 2069 ἑρμηνεύεται.
730 1981 784 2048 ἐπὶ
811 1979 849 2048 δὲ
875 1991 933 2066 τῆς
961 1981 1134 2066 ἕλληνικῆς

116 2091 332 2175 ἀρχαιότητος
361 2091 514 2175 πρώτους
545 2090 680 2156 πάντων
711 2090 903 2177 ἀνθρώπων
935 2091 1016 2174 μετὰ
1046 2094 1134 2153 Δεν-

114 2199 264 2262 καλίωνα
278 2194 442 2280 Ἕλληνας
468 2198 677 2283 παραδίδωσι
704 2198 744 2263 τά
771 2199 886 2281 βιβλία
909 2194 1072 2282 Ἀρκάδας
1098 2213 1134 2259 τε

114 2301 172 2368 καί
197 2305 422 2386 Σικυωνίους,
450 2301 570 2368 ὡσανεὶ
593 2302 740 2390 άρχάδας
760 2301 816 2368 καὶ
844 2302 1049 2389 άρχετύπους
1078 2298 1133 2366 καί

114 2420 349 2496 πρωτογενείς·
373 2410 456 2476 ὅθεν
476 2408 533 2475 καὶ
555 2415 654 2477 Πᾶνα
672 2409 829 2498 Ἀρκάδες
847 2409 1016 2495 ἐτίμησαν,
1039 2430 1133 2474 τουτ-
1147 2427 1175 2467 ω

117 2515 189 2582 ε’στι
210 2518 287 2583 τόδε
309 2518 346 2583 τὸ
369 2526 447 2600 πᾶν,
469 2513 574 2602 μηδὲν
596 2519 687 2603 παρὰ
708 2519 748 2582 τά
773 2518 916 2602 αἰσθητά
936 2512 1022 2582 εἶναι
1041 2518 1133 2599 νομί-

117 2640 243 2699 σαντες.
288 2623 340 2688 ότι
370 2621 426 2688 καὶ
454 2625 680 2709 προσεληνους
713 2624 835 2700 αὐτοὺς
865 2623 882 2689 ὁ
911 2630 1021 2709 μῦθος
1053 2624 1134 2706 ἔχει·
1253 2697 1255 2701 ,

117 2730 180 2814 οὐχ
203 2728 254 2794 ὅτι
275 2730 341 2815 πρὸ
359 2737 418 2812 τῆς
440 2733 579 2814 σελήνης
598 2729 800 2816 ἀνθρώπους
819 2731 861 2794 άν
878 2753 929 2806 τις
947 2730 1022 2812 δοίη
1040 2726 1134 2793 ποτέ·

116 2833 193 2902 ἀλλ’
221 2835 272 2900 ότι
294 2836 359 2922 πρὸ
383 2836 617 2913 διατυπώσεως
638 2847 706 2902 τῶν
727 2846 843 2922 μηνῶν
864 2833 1027 2920 Ἀρκάδας
1050 2831 1133 2918 φησὶ

116 2941 173 3009 καὶ
197 2944 409 3019 Σικυωνίους
426 2941 594 3025 γενέσθαι.
1149 2957 1174 2998 2⁵

190 3190 215 3225 v.
232 3176 246 3225 7
265 3169 382 3225 Ptolem.
402 3186 497 3241 geogr.
512 3171 572 3240 VH,
592 3175 647 3239 5‚3
725 3174 759 3223 14
777 3166 892 3221 Am'ani
909 3166 1100 3238 fragmentum
1118 3182 1134 3220 ο

115 3242 209 3314 primo
228 3241 301 3297 libro
320 3244 476 3310 Παρθικῶν
495 3241 712 3311 deperditomm.

117 3514 120 3520 ,
189 3473 214 3509 v.
229 3459 246 3508 8
261 3457 290 3508 et
303 3461 319 3508 6
333 3452 503 3527 δπερβορίου
517 3455 539 3510 S
608 3460 642 3507 12
662 3451 732 3509 ὅθεν
741 3485 777 3494 -
789 3458 822 3507 16
842 3451 1019 3522 ἑρμηνεύεται
1034 3453 1134 3507 eadem

115 3525 255 3665 11115213‘12913
270 3542 398 3654 maggme
422 3526 528 3597 scripta
551 3524 691 3581 asteriscis
717 3523 840 3595 adpictis
863 3525 917 3578 huc
939 3523 1096 3580 referuntur
1114 3523 1137 3578 S
