2556 3996
472 219 581 272 LIBER
599 219 720 274 ALTER
1064 222 1105 285 19

79 383 232 466 βαίνουσι
242 383 389 465 δυσμῶν,
403 383 523 458 νυκτὸς
533 380 604 448 οὐδ’
619 380 703 458 ὅλως
713 387 845 468 μνήμην
855 386 1213 469 ποιούμενοι,ΧΥΗΡ8

79 481 143 553 οἷα
169 489 210 554 ού
232 487 310 554 καθ’
332 489 518 554 ὑπόστασιν
540 489 625 554 ἀλλὰ
647 495 776 574 μᾶλλον
797 493 880 557 κατὰ
900 493 1106 576 συμβεβηκὸς

79 593 275 680 γινομένης.
312 595 492 679 Αἰγύπτιοι
511 592 548 660 δὲ
566 593 621 660 καὶ
636 595 784 683 Ἑβραῖοι
808 597 872 662 ἀπὸ
890 595 993 683 ἀρχῆς
1014 597 1106 665 ἑσπέ-

80 727 149 787 ρας
171 704 232 786 τὴν
254 702 481 787 έπιφοιτῶσαν
503 709 792 787 συναριθμοῦντες
813 702 941 789 ἡμέραν
964 703 1025 781 ἕως
1049 716 1106 790 τῆς

80 809 247 893 ἐπιούσης
278 811 380 874 πάλιν
416 807 569 895 ἑσπέρας,
610 811 672 892 τὴν
708 813 945 896 προλαβοῦσαν
985 812 1144 895 δήλου-Ρ

80 919 137 980 ότι
159 917 265 981 νύκτα
282 917 362 1000 μετὰ
382 914 757 1000 υῆςέπακολουθούσης
779 916 902 1002 ἡμέρας
926 927 1106 984 συνενοῦν·
1133 937 1145 975 6

80 1046 139 1099 τες
158 1020 214 1086 καὶ
232 1026 312 1106 μίαν
329 1021 518 1108 ἀμφοτέρας
536 1023 753 1106 ὀνομάζοντες
771 1023 908 1109 ἡμέραν,
927 1024 1105 1112 ἀρχόμενοι

80 1126 121 1194 δὲ
134 1131 303 1216 πρότερον
316 1128 380 1194 ἀπὸ
396 1138 453 1214 τής
467 1133 597 1213 νυκτός,
613 1132 720 1196 διὰτὸ
735 1129 1005 1217 ἀρχεγυνύτερον
1019 1128 1105 1198 εἶναι

80 1239 120 1302 τὸ
143 1239 261 1312 σκότος
279 1245 338 1302 τοῦ
358 1237 467 1320 φωτὸς
485 1234 541 1301 καὶ
563 1238 628 1322 πρὸ
651 1246 709 1321 τής
731 1239 830 1304 τοῦδε
853 1247 914 1304 τοῦ
932 1241 1057 1317 παντὸς
1071 1249 1210 1304 XYHPS

82 1345 334 1427 διακοσμήσεως
355 1346 471 1429 ἔρεβος
492 1341 547 1408 καὶ
571 1347 688 1420 σκότος
709 1349 1003 1429 προύποτίθεσθαι
1026 1349 1104 1423 τοὺς
1118 1364 1144 1402 1⁰

80 1450 358 1534 κοσμογρόφους,
389 1451 494 1515 νύκτα
525 1446 562 1515 δὲ
593 1452 728 1516 πάντων
760 1450 884 1536 μητέρα
914 1451 1103 1536 ὀνομάζειν·

83 1555 173 1620 ὅθεν
197 1554 252 1620 καὶ
285 1558 317 1621 οἱ
348 1554 487 1641 μυθικοὶ
519 1556 583 1622 ἀπὸ
608 1560 739 1641 Λητοῦς
765 1564 925 1642 τεχθῆναι
946 1557 1102 1645 ’Ἀρτεμιν
1116 1569 1200 1623 XYP

80 1670 223 1728 ποιοῦσι
249 1661 304 1727 καὶ
327 1661 534 1747 Ἀπόλλωνα,
562 1661 618 1727 καὶ
645 1664 780 1748 πρώτην
799 1661 971 1748 Ἄρτεμιν,
1000 1664 1103 1729 οἱονεὶ
1119 1676 1175 1730 ΧΥ

82 1768 262 1856 ἀερότεμιν
293 1771 464 1853 Σελήνην,
493 1766 568 1853 μεθ’
598 1769 641 1852 ἡν
667 1771 727 1834 τὸν
746 1767 876 1834 Ἥλιον.
931 1775 981 1853 εἴη
1006 1768 1036 1834 δ’
1060 1770 1103 1836 δν

83 1877 187 1960 Λητὼ
206 1875 226 1959 ἡ
246 1875 319 1957 νύξξ
341 1874 397 1940 καὶ
419 1877 483 1961 γαρ
507 1879 595 1959 λήθη
614 1873 683 1940 κατ’
704 1875 808 1958 αύτὴν
826 1873 882 1940 καὶ
904 1875 1010 1952 ύπνος
1036 1876 1104 1942 ε’τιι-
1118 1897 1142 1936 15

83 1987 224 2065 γίνεται.
243 1983 278 2047 οἵ
289 2005 327 2065 γε
336 1983 401 2066 μὴν
416 1976 578 2066 Οὖμβροι,
593 1983 694 2058 ἔθνος
702 1980 865 2047 Ἰταλικὸν
878 1980 933 2046 καὶ
948 1981 1209 2068 ἄστρο-ΧΥΗΡΒ

159 2122 184 2157 v.
206 2109 219 2156 1
235 2105 347 2171 δυσμῶν
361 2101 439 2156 omia.
460 2102 530 2173 Υδή
546 2111 595 2173 τῆς
608 2103 708 2166 νυκτὸς
721 2102 786 2172 μηδ’
805 2100 874 2165 ὅλως
887 2100 987 2171 μνείαν
1005 2104 1103 2158 ποιού-

83 2195 167 2244 μενοι
177 2174 207 2228 έν
221 2179 258 2246 τῷ
272 2183 321 2243 τῆς
334 2171 438 2242 ἡμέρας
451 2172 482 2228 λό
501 2195 531 2247 ῳ,
550 2175 587 2237 ὡς
600 2173 795 2230 ἀνυποστάτου
808 2174 866 2242 πρά
885 2193 982 2243 ματος·
1002 2173 1102 2245 αἱγύπ-

82 2266 142 2301 τιοι
157 2244 229 2300 δὲΡ
276 2245 410 2299 2δναλοῦ
419 2247 455 2313 Α,
466 2196 571 2326 οδονιού
581 2247 617 2313 Β,
632 2242 679 2299 οἷα
689 2246 725 2314 μή
740 2246 773 2314 Y,
788 2242 836 2299 οἶα
846 2197 883 2300 ού
890 2245 948 2300 HS
1000 2251 1102 2316 3γινο-

84 2316 156 2386 μένη
175 2317 206 2370 D
237 2317 240 2387 Ι
270 2317 318 2370 καὶ
333 2314 461 2387 Ἑβραῖοι
486 2317 707 2372 0m1s.XYPS
767 2317 854 2387 ἀρχῆς
877 2315 955 2370 omiS.
975 2317 1007 2371 X
1015 2317 1104 2373 YHS

83 2396 101 2442 4
128 2387 181 2457 τήν
204 2387 393 2456 έκιφοιτῶσαν
416 2391 655 2457 συναρνθμοῦντες
681 2387 699 2457 ἡ
735 2408 788 2456 ραν
811 2386 890 2442 omis.
914 2389 942 2442 P
967 2388 971 2460 Ι
996 2385 1102 2458 ἡμέραν

85 2459 139 2528 ἕως
158 2455 245 2520 αὖθις
263 2455 379 2526 ἑσπέρας
396 2458 448 2527 τὴν
466 2455 572 2527 ἡμέραν
591 2457 746 2529 λογίζονται
764 2459 803 2528 H,
822 2456 929 2528 ἡμέραν
948 2457 999 2522 ἕως
1017 2455 1103 2522 αύθις

84 2528 206 2598 ἑσπέρας
215 2529 288 2598 ΧΥ,
305 2529 361 2582 ἀπὸ
377 2527 494 2598 ἑσπέρας
507 2527 558 2592 ἕως
572 2527 689 2598 ἑσπέρας
702 2530 729 2598 S,
749 2528 828 2600 μέχρι
840 2539 890 2601 τής
904 2530 1035 2600 ἐπιούσης
1047 2550 1102 2585 πα-

84 2606 131 2656 λιν
147 2599 262 2669 ἑσπέρας
272 2601 300 2654 Ρ
345 2606 361 2652 5
375 2600 426 2669 τήν
440 2603 636 2671 προλαβοῦσαν
646 2633 680 2641 -
691 2606 764 2655 9τού
780 2603 872 2670 φωτὸς
886 2601 964 2656 omis,
975 2601 1007 2656 X
1015 2601 1104 2658 YHS

85 2679 100 2725 6
118 2669 357 2741 ἐπακολουθούσης
370 2672 398 2725 Ρ
468 2677 484 2725 9
503 2673 552 2726 καὶ
566 2673 599 2740 Ρ,
619 2671 667 2726 διδι
680 2673 712 2726 τὸ
727 2673 758 2724 Χ
767 2672 855 2727 YHS
868 2675 873 2742 1
889 2673 943 2741 πρὸ
957 2681 1006 2742 τῆς
1018 2676 1101 2728 τοῦδε

84 2752 137 2798 τοῦ
155 2743 260 2806 παντὸς
277 2741 484 2812 διακοσμήσεως
501 2744 564 2812 YS,
588 2744 642 2812 πρὸ
660 2751 709 2812 τῆς
727 2742 933 2812 διακοσμήσεως
950 2745 1033 2798 τοῦδε
1051 2753 1100 2799 τοῦ

84 2815 192 2876 παντὸς
201 2815 234 2882 Ρ,
253 2822 302 2884 τῆς
319 2815 373 2882 πρδ
393 2817 475 2869 τοῦδε
493 2823 542 2869 τοῦ
561 2814 667 2876 παντὸς
685 2813 732 2883 (ὥς
750 2831 819 2882 φασι
839 2814 903 2868 add.
922 2815 968 2884 H)
988 2817 1100 2869 διακοσ-

84 2885 193 2954 μήσεως
210 2885 279 2939 ΧΗ
340 2891 374 2939 10
388 2883 488 2941 σκότον
502 2887 533 2938 Χ
541 2885 636 2953 YHS,
655 2884 749 2954 ἔρεβος
766 2887 815 2939 καὶ
833 2883 930 2947 σκότος
945 2886 990 2956 ΡΙ
1006 2883 1100 2939 ὑποτί-

83 2961 194 3010 θεσθαι
217 2957 347 3011 XYHS
422 2963 454 3010 11
479 2955 694 3026 κοσμογράφους
716 2956 764 3009 καὶ
787 2957 818 3010 τδ
841 2956 893 3025 τήν
916 2956 1004 3010 νύκτα
1027 2951 1100 3010 εἶναι

84 3025 190 3097 μητέρα
208 3035 334 3083 πάντων·
355 3025 425 3082 ὅθεν
444 3029 493 3081 καὶ
512 3028 540 3081 Ρ
558 3029 561 3097 ἡ
582 3028 670 3082 νύκτα
687 3045 717 3080 τε
740 3026 797 3080 ΥΑ
814 3029 818 3096 Ι
834 3025 957 3095 νομίζειν
980 3027 1013 3094 Υ,
1038 3026 1100 3080 ὀνο-

84 3097 182 3168 μάζειν
200 3099 270 3153 ΧΗ
272 3099 294 3153 S
364 3105 397 3151 12
416 3099 465 3153 καὶ
483 3097 562 3152 omis.
582 3099 667 3168 ΧΥΙ
688 3095 758 3152 ὅθεν
776 3098 825 3151 καὶ
848 3098 874 3152 οἱ
894 3099 1054 3166 μνθικοδ-
1066 3103 1099 3151 15

84 3168 239 3240 ἐπιγίνεται
269 3171 372 3224 δυειιωθ
393 3171 428 3223 H
434 3169 456 3224 S
488 3171 492 3240 Ι
525 3173 661 3239 τεχθῆναι
694 3169 743 3223 τὸν
779 3166 928 3222 ἀπόλλωνα
964 3165 1098 3238 λέγουσιν.

84 3237 202 3312 ούμβροι
243 3239 274 3295 δὲ
316 3241 344 3294 Ρ
428 3247 461 3294 13
492 3238 652 3295 ἀπόλλωνα·
687 3239 803 3308 ἄρτεμιν
835 3239 922 3293 οἱονεὶ
954 3237 1099 3308 ἄερότεμιν

84 3311 215 3382 σελήνην,
239 3309 305 3381 μεθ’
325 3309 362 3380 ἣν
385 3312 435 3367 τὸν
452 3309 533 3381 ἡλιον
551 3313 589 3379 Χ,
608 3308 755 3364 ἀπόλλωνα
773 3311 822 3364 καὶ
840 3311 952 3378 πρώτην
971 3309 1097 3378 ύρτεμιν·

83 3383 127 3453 εἴη
147 3382 175 3437 δ’
188 3381 225 3438 διν
242 3381 345 3452 λητδὴ
364 3383 427 3448 νύξ·
446 3384 495 3437 καὶ
514 3381 566 3453 γδιρ
585 3381 659 3452 λήθη
678 3380 740 3436 κατ’
759 3381 848 3450 αύτὴν
865 3382 914 3435 καὶ
932 3379 1021 3444 ύπνος
1039 3381 1098 3435 έττι-

83 3453 190 3525 γένεται
208 3453 259 3523 τὴν
286 3454 373 3508 οἱονεὶ
396 3452 541 3525 ἀερότεμιν
561 3451 677 3522 σελήνην
700 3455 728 3506 Υ
804 3459 838 3505 14
857 3451 899 3521 εἴη
919 3450 946 3505 δ’
964 3449 1001 3506 διν
1014 3459 1097 3506 -15

84 3524 237 3596 ἐπιγίνεται
256 3524 334 3580 omis,
354 3527 385 3578 X
458 3532 495 3596 16,
510 3521 626 3596 ούμβροι
645 3523 677 3578 δὲ
692 3525 786 3592 XPS‚
806 3523 916 3594 όμβριοι
931 3521 962 3598 δὲ
976 3524 1011 3577 H
1029 3526 1033 3594 ἡ
1053 3522 1097 3594 γέ-

84 3617 132 3660 νος
151 3598 185 3666 Ρ,
205 3596 289 3659 ἔθνος
302 3597 334 3651 X
342 3598 431 3651 YHS
441 3597 444 3669 ἡ
456 3597 504 3652 καὶ
523 3593 691 3666 ἀστρολόγον
710 3595 788 3650 omis.
808 3596 839 3649 X
847 3595 912 3648 ΥΗ
914 3594 937 3648 S

280 3705 285 3716 .
921 3685 934 3713 *

900 3691 914 3737 2
