2556 3996
349 193 458 248 LIBER
468 192 654 258 QUARTUS.
682 192 884 247 IANUARIUS
1087 193 1129 256 71

96 356 168 423 ἐπὶ
194 369 259 423 τῶν
287 358 399 423 αὐτῶν
426 357 487 422 οὐκ
516 356 554 444 ἑᾷ
580 356 702 441 μένειν.
747 356 767 441 ἡ
792 353 829 422 δὲ
857 354 1037 443 εἱμαρμένη
1062 354 1167 420 έστὶῦ

98 463 168 530 κοιλ
186 464 205 548 ἡ
224 465 361 550 εἱμαρτη
381 462 530 549 ἐνέργεια
548 462 569 547 ἢ
588 463 688 538 αὐτὸς
706 462 724 527 6
743 463 823 539 θεὸς
841 461 895 546 ἤὴ
910 460 977 547 μετ’
997 461 1129 546 ἐκείνην

97 570 290 656 τεταγμένη
308 571 544 636 κατὰπάντων
563 570 731 655 οὐρανίων
749 592 784 634 τε
802 567 857 634 καὶ
877 567 1033 652 ἐπιγείων
1046 571 1129 653 μετά

101 687 168 762 τῆς
186 677 330 761 ἀνάγκης
343 675 441 756 τάξις.
477 675 532 742 καλ
550 676 571 760 ἡ
590 673 652 761 μὲν
670 676 771 752 αὐτάς
785 677 858 741 κύει
872 677 930 752 τάς
944 675 1046 762 ἀρχάς
1060 687 1129 742 τῶν

101 785 322 870 πραγμάτων,
348 783 369 866 ἣ
393 779 431 848 δὲ
452 784 689 867 καταναγκάζει
713 782 768 848 καὶ
794 785 834 848 τά
856 782 932 867 τέλη
958 787 1128 866 γίνεσθαι·
1156 809 1170 850 5

102 892 243 970 ταύταις
266 887 303 955 δὲ
326 890 508 956 ἀκολουθεῖ
530 889 621 968 τάξις
642 888 698 955 καὶ
717 888 892 980 νόμος,καὶ
911 887 1013 956 οὐδὲν
1031 891 1129 955 άτακ-

104 997 189 1062 τον’.
225 998 276 1063 ὅτι
293 998 430 1063 κατὰτὰ
444 995 567 1083 Ἑρμοῦ
582 998 730 1081 δόγματα
748 1003 877 1082 μᾶλλον
895 997 912 1063 6
928 998 1132 1084 Πορφύριος

105 1105 202 1168 δοκεῖ
228 1103 338 1187 λέγειν
365 1101 441 1189 περὶ
469 1105 584 1188 τύχης,
612 1102 719 1187 λέγων
746 1104 848 1171 οὕτω·
872 1105 944 1188 ’τὴν
967 1105 1072 1189 τύχην
1095 1106 1128 1170 ολ

103 1207 246 1276 παλαιοὶ
268 1218 314 1298 τῷ
339 1209 419 1275 ἑπτά
442 1210 577 1298 άριύμῷ
601 1219 780 1294 συνῆπτον,
805 1212 849 1286 ὡς
871 1213 934 1295 τὴν
955 1223 1023 1276 τῶν
1047 1210 1128 1277 ἑπτὰ

106 1317 290 1383 έπίκλωσιν
320 1320 478 1402 ἔχουσαν,
511 1318 572 1383 ὅσα
595 1311 649 1395 εἰς
679 1319 716 1383 τὸ
747 1322 832 1397 ζῶον
860 1317 915 1383 καὶ
945 1319 1007 1402 την
1034 1318 1126 1394 ε’κτὸς
1141 1345 1169 1385 ιο

102 1425 230 1490 τούτου
249 1422 417 1510 ἐνέργειαν
436 1423 490 1489 ἀπ’
514 1425 616 1508 αὐτῆς
634 1423 854 1490 ἐπικλάθεται
872 1425 994 1507 ταύτης
1007 1427 1125 1509 κυρίας

102 1534 243 1598 πάντων
261 1531 462 1616 γινομένης’.
499 1530 554 1597 καὶ
572 1533 633 1598 τὸν
650 1533 768 1617 καιρὸν
783 1528 820 1596 δὲ
834 1541 873 1617 τῇ
888 1532 970 1617 τύχη
984 1527 1126 1615 προσνέ-

104 1657 225 1724 μουσι,
253 1639 340 1702 διότι
364 1637 381 1703 6
404 1639 519 1725 καιρὸς
547 1638 584 1704 ἐν
606 1649 677 1714 τοῖς
699 1635 946 1724 πράγμασικαὶ
970 1636 1125 1720 εὐστοχία

104 1744 249 1811 ἑκάστου
272 1745 355 1828 πρὸς
377 1746 414 1810 τὸ
437 1746 666 1830 ὑποκείμενον.
707 1744 724 1810 ὁ
749 1745 786 1810 δε
809 1746 963 1829 Πρόκλος
987 1741 1024 1808 ἐν
1041 1743 1125 1809 ὐπο-

101 1852 251 1916 τυπώσει
287 1859 345 1934 τῆς
377 1855 593 1936 Πλατωνικῆς
625 1854 828 1936 φιλοσοφίας
858 1848 936 1935 περὶ
966 1860 1034 1914 τῶν
1066 1858 1124 1934 τῆς
1137 1877 1165 1918 ιε

101 1967 213 2042 ψυχῆς
237 1957 412 2041 δογμάτων
432 1967 534 2023 ταῦτα
553 1957 655 2041 λέγει·
679 1959 723 2023 ‘02
742 1953 803 2040 μὲν
825 1957 984 2042 ἡλιακούς
1002 1960 1123 2041 ἔλαχον

103 2065 277 2149 δαιμόνων
290 2063 464 2148 ἡγεμόνας,
484 2067 516 2130 οἱ
530 2062 567 2130 δὲ
582 2065 808 2148 σεληνιακούς,
827 2065 923 2129 ἄλλοι
938 2061 975 2129 δὲ
990 2065 1122 2140 ἄλλους.

103 2172 188 2256 πρὸς
220 2173 338 2237 τοίνυν
364 2173 426 2255 την
455 2172 561 2256 φύσιν
587 2183 656 2237 τῶν
683 2171 856 2256 ἡγεμόνων
882 2173 1037 2257 πρόεισιν
1064 2170 1122 2236 άν-

102 2279 259 2363 δρώποις
284 2279 325 2342 τά
353 2277 572 2363 εὐτυχήματα·
610 2280 666 2343 διά
692 2279 755 2364 γάρ
779 2277 890 2363 μέσων
916 2277 1028 2344 αὐτῶν
1055 2277 1120 2344 ἀπὸ

103 2395 172 2449 τῶν
190 2387 296 2449 θείων
313 2387 361 2462 εἰς
378 2385 463 2470 ἡμᾶς
481 2384 696 2470 διαπέμπεται
714 2387 755 2450 τά
774 2385 886 2468 ἀγαθά
903 2383 972 2451 καί
996 2384 1119 2464 άξίαν’.
1133 2413 1161 2452 εο

103 2488 159 2554 καὶ
182 2492 309 2577 μάρτυς
332 2491 350 2557 6
373 2491 564 2578 Εὐριπίδου
587 2492 734 2576 Πηλεύς·

194 2621 279 2680 θεοῦ
302 2617 366 2702 γάρ
390 2617 481 2694 ἐκτὸς
505 2615 616 2694 οὐδεὶς
640 2617 780 2701 εὐτυχεί
793 2619 921 2703 βροτός.
1053 2665 1054 2670 1
1125 2627 1176 2682 XS

197 2815 267 2876 Φεῦ
290 2821 358 2877 τῶν
379 2816 540 2899 βροτείων
564 2813 608 2889 ὡς
631 2811 802 2896 ἀνώμαλοι
825 2813 936 2896 τύχαις
1136 2823 1164 2876 X

195 2919 227 2983 οἱ
249 2914 311 3001 μὲν
333 2920 396 3004 γάρ
420 2915 457 2984 εὖ
480 2921 678 3006 πράσσουσι,
701 2929 771 2995 τοῖς
795 2914 832 2983 δὲ
855 2916 1025 3004 συμφοραὶ

194 3023 376 3111 <σκληραὶ>
398 3027 553 3112 πάρεισιν
576 3026 750 3110 εὐσεβοῦσι
773 3026 857 3112 πρὸς
879 3031 973 3090 θεοῦ.
1135 3049 1162 3091 ιε

174 3217 199 3252 v.
220 3205 253 3252 22
271 3199 336 3254 Eur.
355 3199 436 3270 frgm.
457 3207 570 3271 1025„1
590 3200 693 3255 Nauck
774 3205 808 3254 23
823 3231 858 3240 -
872 3205 906 3252 25
924 3199 989 3253 Eur.
1010 3198 1120 3268 scyrio-

102 3288 165 3324 rum
182 3269 236 3340 frg.
252 3276 311 3339 684,
328 3277 396 3326 1-3
415 3271 518 3326 Nauck

173 3449 199 3484 v.
215 3435 320 3484 23-25
339 3431 417 3488 omis.
437 3434 460 3488 S
548 3437 581 3486 25
602 3431 759 3557 ριιιληραλ)
784 3431 863 3485 deest
883 3431 926 3497 Χ,
955 3430 1082 3499 supplevi
1105 3447 1121 3486 ο

103 3501 180 3557 δέού.
199 3501 403 3572 Flor.105,16
423 3508 452 3559 ει
470 3505 556 3562 Αοῦι,
575 3505 777 3572 Pa.10‚107‚
801 3517 874 3570 quae
898 3501 1011 3555 eosdem
1029 3519 1122 3557 serva·

102 3575 203 3627 verunt
219 3589 314 3627 versus
387 3581 421 3630 25
441 3578 571 3649 εὐσεβοῦς
590 3577 618 3629 Β
