2524 3984
135 202 200 257 XIV
538 195 745 256 PRAEFATIO

134 369 253 429 videtur
275 373 396 429 auctore
420 369 609 444 intermedio,
636 369 680 428 ita
703 372 737 429 ut
759 371 915 447 neglegere
939 389 989 429 eas
1012 371 1089 430 hanc
1112 369 1150 430 ob

135 477 255 518 causam
278 463 379 519 nostro
402 458 465 516 iure
488 459 644 534 possimus.
685 462 787 517 tamen
808 458 840 516 id
862 477 916 518 nos
939 462 1039 519 tenere
1064 479 1152 536 opor·

134 551 195 622 tet,
232 548 312 624 quod
348 567 382 607 ex
414 548 502 606 huius
538 548 646 624 capitis
678 547 892 624 compositione
928 548 1039 607 discere
1071 549 1151 622 licet,

136 657 196 696 non
222 657 282 697 uno
309 639 428 695 tantum
455 639 575 695 auctore
603 639 775 696 contentum
805 637 897 695 firisse
924 635 957 694 in
984 637 1152 715 colligenda

135 726 261 785 materia
283 725 439 784 librarium
461 728 604 802 nostrum,
627 725 717 784 immo
740 726 840 801 plures
862 725 1013 784 interdum
1036 726 1073 785 ab
1096 726 1151 786 illo

136 814 285 874 adhibitos
309 833 381 889 esse,
403 817 439 874 ut
461 834 554 872 unum
572 816 771 891 compleretur
789 815 925 890 opusculi
943 818 1042 891 ceput.
1077 815 1152 874 haec

135 903 187 962 ubi
209 903 392 978 monuimus,
419 903 548 979 primum
576 923 693 980 quoque
719 903 912 979 inspiciamus
937 906 1040 980 caput,
1067 905 1151 963 cuius

137 1011 213 1068 quae
245 993 387 1069 leguntur
415 993 495 1068 apud
522 992 663 1051 Treuium
690 988 731 1068 (p.
756 994 944 1066 3,1—9,13
978 992 1056 1077 λύμῃ
1083 989 1151 1071 τὴν)

135 1081 249 1140 tradita
281 1084 350 1140 sunt
379 1081 471 1139 etiam
501 1081 533 1139 in
564 1080 714 1158 Lipsiensi
748 1081 848 1141 codice
885 1081 1027 1158 quodam,
1064 1101 1154 1158 quern

136 1170 249 1246 primus
280 1169 374 1228 edidit
401 1169 636 1230 lischendorfius
665 1171 697 1228 in
719 1169 881 1229 Anecdotis
908 1171 1000 1230 sacris
1028 1173 1059 1229 et
1084 1190 1153 1246 pro·

137 1259 224 1335 fanis,
243 1259 367 1336 Lipsiae
388 1259 472 1317 1855
493 1251 861 1340 (ed.e1t.1861)p.58:
885 1278 943 1335 quo
966 1249 1153 1334 factumest,

137 1350 173 1406 ut
194 1349 294 1423 plures
323 1348 386 1406 iarn
415 1347 608 1406 disseruerint
637 1348 673 1407 de
702 1348 749 1406 his
780 1348 956 1424 fragmentis
979 1348 1037 1407 viri
1064 1348 1153 1432 docti.

138 1439 228 1511 atque
259 1436 496 1495 Tischendoifius
526 1437 590 1512 ipse
627 1436 729 1497 omnia
755 1436 810 1494 illa
839 1437 949 1495 referre
982 1437 1079 1496 voluit
1115 1438 1155 1496 ad

138 1525 260 1585 Ioannis
281 1525 360 1600 Lydi
381 1525 474 1585 libros
497 1524 637 1600 diversos,
660 1545 752 1601 quem
775 1525 953 1584 sententiam
975 1515 1035 1586 non
1058 1528 1155 1585 solum

138 1614 336 1690 probabilem,
364 1614 416 1672 sed
442 1633 536 1690 paene
560 1615 756 1673 necessariam
784 1632 846 1673 esse
874 1615 949 1673 dixit
971 1614 1005 1673 L.
1028 1613 1155 1691 Traube,

138 1702 232 1761 Varia
254 1702 418 1762 libamenta
441 1703 544 1762 critica
560 1722 590 1779 p.
609 1705 661 1778 28,
688 1702 879 1779 impugnavit
900 1704 923 1761 I.
938 1705 970 1762 F.
987 1704 1154 1764 Schultaius

139 1791 353 1860 Quaestionum
375 1791 579 1867 Lydianarum
600 1792 751 1868 particula
772 1792 871 1867 priore
893 1813 922 1868 p.
948 1794 976 1851 5.
1009 1792 1059 1853 hic
1076 1793 1157 1852 enim

138 1880 314 1957 fragmentis
338 1880 603 1940 Tischcndcrfianis
634 1881 709 1940 alios
739 1881 866 1939 aliorum
896 1885 1050 1941 auctorum
1071 1883 1154 1942 locos

140 1970 287 2030 admixtos
303 1989 365 2028 esse
380 1969 549 2045 suspicatus
568 1972 621 2029 est.
654 1972 684 2028 et
699 1990 753 2048 ego
768 1969 887 2044 quidem
900 1971 996 2048 magis
1012 1971 1157 2030 Schultzii

140 2059 275 2135 opinioni
296 2059 410 2118 accedo.
454 2078 525 2117 nam
546 2059 572 2118 si
589 2059 675 2119 nobis
694 2059 871 2134 proponitur
889 2060 1034 2136 quaestio,
1049 2063 1159 2119 utrum

141 2148 240 2208 omnia
267 2149 341 2208 haec
367 2149 537 2225 fragmenta
564 2149 602 2206 ad
628 2147 739 2206 librum
765 2148 801 2204 de
828 2148 979 2207 mensibus
1006 2149 1157 2224 pertinere

139 2240 278 2314 putemus
296 2257 397 2306 necne,
419 2256 466 2296 res
484 2236 569 2296 nobis
589 2238 704 2314 agenda
724 2241 770 2296 est
788 2236 964 2296 difficillime
982 2237 1159 2310 diiudicatu,

140 2326 282 2402 quoniam
305 2328 401 2385 altera
425 2346 460 2384 ex
482 2329 568 2401 parte
591 2326 665 2386 adeo
687 2327 773 2386 varia
796 2328 841 2384 est
863 2325 989 2384 materia
1011 2327 1159 2386 librorum

140 2414 356 2491 Lydianorum,
392 2417 427 2472 ut
457 2415 527 2473 inde
559 2415 584 2474 si
615 2414 788 2475 concludere
820 2416 977 2490 vellemus,
1017 2435 1049 2475 11
1085 2433 1160 2474 vera

143 2503 243 2564 omnia
274 2504 347 2562 haec
384 2503 554 2580 fragmenta
589 2504 651 2563 illis
684 2503 845 2563 attribuere
877 2523 1030 2580 possemus
1061 2523 1160 2579 neque
1259 2501 1260 2516 *

141 2593 238 2650 ullum
258 2595 335 2651 esset
349 2593 430 2666 qnod
443 2593 645 2670 refragaretur
663 2593 791 2652 aliorum
808 2595 975 2668 temporum
994 2592 1160 2654 aliorumve

142 2685 297 2741 auctorum
319 2680 474 2754 indicium,
503 2682 554 2740 sed
582 2683 677 2740 altera
705 2701 740 2739 ex
767 2684 853 2758 parte
880 2682 968 2741 modo
992 2681 1161 2758 didicimus,

142 2770 210 2829 aliis
232 2770 305 2829 locis
332 2770 434 2846 plures
461 2789 522 2829 uno
548 2774 683 2830 auctores
714 2771 875 2845 exscriptos
906 2789 968 2829 esse
992 2790 1010 2829 a
1032 2771 1160 2832 librario

142 2859 250 2918 codicis
268 2860 308 2917 n:
332 2879 424 2936 quare
448 2879 538 2936 quam
561 2859 746 2919 cautissimos
769 2877 823 2918 nos
847 2877 909 2918 esse
928 2859 1033 2918 debere
1053 2878 1160 2921 censeo

141 2948 174 3006 in
187 2949 308 3007 illarum
320 2948 515 3024 reliquiarum
528 2949 744 3007 distributione.
780 2948 971 3024 quamobrem
985 2968 1045 3009 non
1059 2949 1163 3009 omnia

141 3038 230 3096 huius
248 3038 355 3113 eapitis
374 3038 544 3115 fragmenta
561 3037 593 3094 in
612 3037 772 3096 editionem
786 3037 892 3113 recepi,
916 3037 967 3096 sed
980 3037 1041 3096 trie
1055 3057 1161 3098 eorum

143 3146 252 3205 genera
275 3126 486 3204 distinguenda
509 3143 572 3185 esse
596 3126 666 3184 duxi
688 3126 775 3184 haec:

209 3216 231 3275 I.
255 3217 350 3290 11111,
378 3235 503 3292 quorum
527 3215 646 3275 omnino
674 3233 728 3274 nec
750 3215 820 3274 vola
847 3235 901 3274 nec
923 3215 1083 3292 vestigium
1106 3234 1161 3292 ap·

143 3307 229 3380 paret
261 3305 291 3363 in
319 3305 455 3380 Lydiano
487 3303 564 3363 libro
596 3305 633 3361 de
664 3304 828 3379 mensibuS,
859 3323 992 3380 quosque
1025 3324 1091 3362 eam
1123 3305 1162 3364 ob

144 3412 264 3452 oausam
287 3415 322 3453 ex
347 3394 401 3453 illo
429 3393 619 3470 depromptos
647 3411 710 3452 esse
737 3394 820 3453 nullo
847 3394 935 3453 modo
964 3392 1163 3453 demonstrari

143 3485 251 3558 potest.
297 3485 366 3542 sunt
398 3485 498 3542 autem
529 3483 574 3540 hi:
615 3483 694 3541 Treu
720 3501 749 3558 p.
780 3484 850 3556 3,1
885 3479 951 3562 περὶ
979 3473 1161 3561 Ἀδιαβηνῆς

144 3563 234 3652 (libro
267 3571 302 3630 de
335 3571 460 3632 ostentis
489 3571 595 3630 tribuit
618 3571 734 3630 Γ11111111
761 3571 780 3629 l.
805 3563 852 3652 1.).
879 3602 917 3612 -
946 3591 975 3646 p.
1001 3572 1065 3645 5‚1
1096 3567 1165 3650 napi
1255 3587 1256 3630 1
