2524 3984
158 199 236 254 XXX
564 195 771 252 PRAEFATIO

160 367 223 444 agi:
255 367 332 426 hanc
359 371 462 426 autem
487 366 585 442 ipsam
612 366 735 424 tertiam
761 367 879 442 partem
902 364 1087 424 adverbum
1110 384 1180 424 con·

160 456 270 516 sentire
301 474 368 514 cum
397 455 541 532 Lydianis
571 455 716 530 excerptis
747 447 789 535 (p.
814 450 964 531 104,22).
1013 473 1080 512 cum
1107 474 1180 514 vero

160 545 215 604 has
243 547 305 604 tres
332 548 433 621 partes
461 544 498 603 ab
526 544 629 603 codem
658 545 778 603 auctore
806 543 988 619 conscriptas
1019 561 1082 602 esse
1111 561 1180 602 con-

159 637 221 694 stat
253 653 287 694 eo
325 633 405 710 quod
436 651 633 709 unaquaeque
666 632 781 708 pariter
816 632 943 692 excellat
979 631 1078 691 studio
1110 651 1180 710 geo·

160 724 355 801 graphorum,
383 741 482 782 rerum
503 721 706 796 Iudaicarum,
733 721 922 781 oraculorum
944 739 1021 796 quae
1044 720 1181 797 Sibyllae

160 812 280 872 nomine
312 811 462 886 feruntur,
499 809 665 870 necessario
697 810 795 886 sequi,
830 814 866 869 ut
901 812 983 869 totus
1016 809 1068 868 ille
1101 813 1180 870 trac·

160 904 247 960 tatus
276 899 438 959 humatio
470 898 554 975 Lydo
590 899 748 958 tribuatur.
802 899 838 957 in
872 918 968 976 quam
999 899 1182 958 sententiam

160 990 232 1048 dum
261 989 385 1065 pedibus
416 1007 464 1063 eo,
494 988 638 1047 nonnulla
667 987 775 1046 addere
807 987 910 1063 liceat,
940 1007 1011 1047 nam
1034 990 1064 1046 et
1088 988 1183 1048 inter

161 1078 292 1154 protetio
314 1077 368 1136 illa
390 1076 519 1136 nominis
540 1076 672 1153 Sibyllae
696 1095 712 1135 e
734 1077 839 1154 lingua
861 1077 958 1136 latina
981 1077 1109 1136 deducta
1134 1069 1181 1158 (τὸ

162 1166 296 1245 Σίβυλλα
318 1163 452 1245 ῥωμαϊκή
476 1163 551 1239 λέξις
580 1163 658 1226 ἐστὶν
686 1162 906 1244 ἓρμηνευομένη
933 1159 1096 1248 προφῆτις)
1121 1167 1181 1244 Ly·

161 1255 284 1315 dianum
308 1255 410 1314 stilum
428 1255 618 1315 vehementer
641 1254 728 1331 sapit,
752 1258 782 1314 et
804 1273 917 1314 morem
939 1253 1030 1314 fuisse
1049 1257 1183 1316 auctoris

162 1343 266 1419 nostri,
287 1343 340 1403 ubi
362 1364 455 1403 unum
479 1343 615 1422 attigerit
633 1363 752 1418 numen,
774 1344 891 1420 reliqua
909 1362 1026 1420 quoque
1045 1344 1181 1405 eiusdem

162 1433 291 1493 nominis
305 1452 451 1509 enarrare,
468 1432 550 1492 haud
563 1433 748 1510 ignoramus3
767 1451 792 1491 e.
806 1452 835 1511 g.
853 1433 988 1492 conferas
1005 1451 1035 1509 p.
1052 1436 1181 1510 12135,

163 1522 216 1581 ubi
251 1522 287 1582 de
325 1526 439 1598 septem
474 1521 652 1581 Herculibus
689 1520 798 1598 agitur.
851 1522 1041 1581 Iudaicarum
1077 1527 1182 1582 autem

162 1631 262 1671 rerum
285 1612 425 1686 studium,
449 1610 531 1670 cuius
554 1610 683 1688 vestigia
706 1610 825 1687 saepius
851 1610 884 1668 in
905 1611 961 1670 hoc
987 1614 1124 1671 tractatu
1147 1612 1182 1671 de

163 1700 286 1776 Sibyllis
318 1697 489 1773 oco'ummt,
520 1717 574 1758 nos
606 1719 666 1759 non
698 1700 828 1759 offendet
857 1699 890 1758 in
918 1699 1095 1774 Laurentio,
1131 1701 1182 1777 qui

164 1789 232 1848 aliis
265 1808 381 1865 quoque
414 1789 487 1848 locis
519 1788 594 1848 talia
625 1789 758 1864 exponit3
791 1808 815 1847 e.
843 1808 872 1866 g.
902 1788 991 1848 adeas
1024 1792 1182 1848 auctorum
1249 1813 1250 1816 ¹

163 1877 291 1937 indicem
321 1896 344 1937 s.
366 1897 395 1937 v.
418 1870 553 1957 Ἑβραῖοι
583 1880 614 1937 et
643 1877 796 1936 nominum
824 1877 953 1936 indicem
980 1896 1003 1937 s.
1025 1898 1053 1937 v.
1082 1880 1181 1938 Moo-
1250 1919 1251 1922 η

164 1974 227 2044 σῆς.
272 1987 367 2043 nequo
398 1966 529 2026 alienum
559 1969 605 2026 est
632 1985 650 2025 a
675 1966 753 2043 Lydi
781 1966 969 2044 indulgentia
997 1965 1031 2024 in
1060 1967 1181 2046 religio·

162 2075 235 2114 num
257 2056 400 2132 mysteria
427 2074 582 2132 conversa,
615 2055 695 2131 quod
721 2055 913 2132 proferuntur
940 2056 1074 2130 oracula,
1102 2076 1181 2134 quae

164 2144 281 2221 Sibylla
309 2145 488 2204 Iudaeorum
520 2144 592 2204 olim
624 2144 762 2220 ediderit,
794 2163 861 2203 cum
890 2143 922 2202 in
951 2144 1074 2220 reliquis
1108 2165 1181 2222 quo·

164 2252 221 2309 que
250 2233 320 2292 libri
350 2234 385 2293 de
414 2232 565 2293 mensibus
593 2232 730 2309 partibus
761 2232 873 2309 passim
905 2234 1026 2292 oracula
1057 2235 1180 2310 prolata

163 2322 299 2381 invenias
331 2315 373 2402 (v.
397 2315 475 2382 auct.
497 2323 559 2381 ind.
582 2341 605 2382 s.
627 2342 655 2382 v.
682 2315 834 2404 χρησμός).
893 2324 1024 2381 ceterum
1058 2342 1181 2384 monere

163 2411 263 2487 liceat,
287 2412 439 2470 oraculum
460 2411 545 2486 illud,
569 2411 648 2488 quod
671 2411 707 2470 de
730 2410 890 2470 Antiochia
916 2411 995 2470 bello
1023 2411 1182 2473 devastata

164 2500 270 2558 datum
305 2499 419 2576 profert
455 2499 651 2575 Laurentiue,
688 2500 726 2559 ad
757 2499 877 2560 irritum
912 2499 992 2558 haud
1026 2500 1182 2562 cecidisse:

165 2592 270 2647 narrat
281 2588 360 2647 enim
375 2588 439 2665 ipse
454 2592 559 2648 auctor
572 2592 674 2648 noster
693 2589 774 2648 urbis
795 2588 876 2648 illius
898 2588 1043 2647 excidium
1056 2589 1090 2648 in
1102 2590 1181 2650 libro

164 2696 254 2753 quem
277 2676 312 2736 de
335 2677 561 2754 magistratibus
584 2678 688 2754 populi
710 2677 838 2737 Romani
861 2677 1036 2753 conscripsit
1057 2678 1182 2752 ffl,54:

163 2766 243 2824 unde
266 2767 438 2841 concludas,
465 2766 634 2826 interfuisse
658 2765 721 2826 eius
743 2766 900 2826 historiam
922 2766 1003 2826 illius
1026 2769 1182 2844 temporis,

166 2873 225 2931 quo
248 2874 302 2931 per
325 2873 377 2915 ora
405 2856 537 2914 omnium
568 2855 720 2915 oraculum
749 2856 825 2914 illud
854 2855 995 2915 volitasse
1025 2857 1182 2932 probabile

165 2947 220 3018 est,
242 2944 368 3020 posteris
387 2944 514 3004 tradere.
550 2965 624 3003 num
642 2963 720 3020 vcro,
745 2955 821 3020 quae
841 2944 876 3002 de
895 2948 982 3004 antro
998 2943 1132 3006 Cumano
1153 2949 1183 3006 et

164 3032 201 3092 de
217 3031 314 3110 ‚Cypro
327 3032 427 3092 insula
441 3033 612 3108 afferuntur,
630 3033 674 3092 ita
693 3052 760 3092 cum
773 3032 903 3093 Maassio
922 3033 983 3093 sint
997 3035 1182 3110 explicanda,

164 3127 199 3182 ut
223 3140 373 3182 sumamus
396 3122 513 3198 Lydum
536 3122 713 3198 describere,
732 3141 809 3199 quae
832 3122 895 3199 ipso
918 3123 1039 3199 viderit,
1069 3122 1126 3184 hoo
1149 3126 1182 3183 in

165 3212 262 3271 medio
293 3211 474 3287 relinquam:
513 3229 678 3287 numquam
721 3212 800 3270 enim
836 3212 868 3270 in
904 3211 970 3287 illo,
1007 3231 1084 3288 quae
1116 3214 1181 3291 ipse

165 3301 313 3360 invenerit
345 3318 480 3377 quaeque
517 3320 551 3359 ex
588 3301 656 3360 aliis
692 3301 894 3377 transtulerit,
934 3300 1007 3360 satis
1043 3306 1181 3362 accurate

165 3408 299 3449 sciemus.

233 3477 449 3548 Quaerentibus
479 3483 592 3555 autem,
628 3496 787 3554 quemnam
816 3479 914 3538 locum
943 3477 1023 3537 inter
1051 3481 1182 3556 reliquos

168 3567 321 3625 Laurentii
351 3568 465 3627 codices
496 3571 618 3643 occupet
647 3566 716 3626 Par.
739 3587 782 3644 gr.
811 3568 892 3641 854,
925 3567 1001 3625 nihil
1032 3568 1181 3629 affirmare
