2556 3996
437 212 547 267 LIBER
564 213 701 269 PRIMUS
1037 215 1079 280 13

14 387 137 442 deesth
167 377 218 442 27.
233 376 304 443 Ὅτι
333 375 386 443 ε’πὶ
415 386 474 442 τοῦ
497 382 744 461 Διοκλητιανοῦ
767 379 787 462 ἡ
811 388 900 444 πᾶσα
923 389 991 444 τῶν
1008 378 1116 445 ‘Pan-S

72 488 174 568 μαίων
201 485 338 572 στρατιά
365 485 526 570 μυριάδες
554 480 598 567 ἦν
628 484 712 551 ὀκτὼ
739 483 795 550 καὶ
823 487 1002 571 τριάκοντα
1027 485 1082 552 καί

73 590 303 677 ἐννακισχίλιοι
326 589 381 656 καί
404 589 594 658 ἑπτακόσιοι
616 590 672 656 καὶ
694 590 860 678 τέσσαρες,
882 594 1022 676 ναυτικὴ
1046 591 1083 658 δὲ

75 698 209 783 δύναμις
231 697 252 781 ἡ
277 696 331 763 ἐπὶ
353 708 422 762 τῶν
444 696 626 784 ἐπικαίρων
649 702 781 784 χωρίων
799 703 1011 783 ναυλοχοῦσα
1029 699 1087 766 ἐπί

73 827 105 868 τε
131 815 199 881 τοῖς
228 815 389 889 ποταμοῖς
419 802 476 869 ἐπί
499 827 535 870 τε
564 813 603 890 τῇ
631 807 785 891 θαλάσσῃ
815 806 1083 891 τετρακισμύριοι
1111 842 1124 883 5

73 909 124 975 καὶ
143 915 404 996 πεντακισχίλιοι
426 910 482 977 καὶ
508 914 721 977 πεντακόσιοι
750 910 906 995 ἑξήκοντα
932 911 988 978 καί
1012 913 1083 978 δύο.

75 1017 121 1082 ὅτι
141 1020 223 1105 πρὸς
245 1027 367 1084 τοῦτον
394 1019 455 1082 τὸν
482 1016 631 1102 ἀριθμὸν
658 1017 677 1083 ὁ
705 1016 806 1102 μέγας
828 1022 1084 1096 Κωνσταντῖνος
1120 1003 1136 1038 ⁸
1259 1005 1260 1012 δ

75 1123 124 1189 ἐπὶ
148 1135 206 1210 τῆς
234 1125 432 1208 ἀνατολικῆς
459 1128 629 1209 βασιλείας
655 1126 715 1190 τὸν
746 1127 888 1211 στρατὸν
916 1124 1084 1210 διέθηκεν,
1150 1119 1151 1122 “

74 1231 114 1307 ὡς
144 1231 255 1318 ἑτέρας
288 1231 451 1308 τοσαύτας
482 1232 647 1317 μυριάδας
682 1242 825 1317 στρατοῦ
856 1239 1084 1318 προστεθῆναι

74 1347 110 1423 τῇ
128 1338 287 1426 Ῥωμαϊκῇ
309 1341 469 1425 πολιτείᾳ.
1100 1379 1126 1418 10

36 1453 141 1522 111111
169 1447 220 1511 28.
240 1445 287 1510 ‘H
300 1443 376 1527 παρ’
395 1443 555 1529 Ἕλλησιν
573 1445 656 1528 ὀπτὴ
678 1449 823 1522 πλίνθος
844 1443 1192 1532 I.octe‘92cov1¹.ov03er¹

73 1554 157 1636 παρά
175 1552 345 1637 Ῥωμαίοις
368 1549 505 1634 λέγεται.
548 1547 591 1635 ἦν
610 1547 647 1616 δὲ
669 1555 814 1628 πλίνθος
839 1553 996 1636 δημοσία,
1027 1551 1078 1637 ἐφ’

74 1653 114 1722 οὗ
139 1661 177 1724 τά
205 1683 242 1725 τε
269 1670 338 1724 τῶν
365 1661 556 1742 βουλευτῶν
583 1656 638 1723 καὶ
668 1659 708 1723 τά
735 1669 803 1722 τῶν
831 1659 1085 1743 στρατευμάτων

75 1764 214 1850 ὀνόματα
246 1765 471 1851 ἀπεγράφετο,
503 1763 559 1830 καὶ
595 1764 758 1850 ἐγράφετο
789 1763 842 1830 ἐπὶ
877 1768 1007 1848 τείχους
1038 1766 1086 1842 είς

75 1873 279 1957 τετράγωνον
295 1881 403 1956 σχῆμα
421 1872 525 1948 τύπος
543 1895 593 1948 τις
610 1869 666 1935 καί
684 1871 817 1956 γραμμὴ
835 1876 988 1948 πλίνθος.
1020 1875 1087 1937 τίτ-
1103 1906 1127 1947 1⁶

75 1983 132 2043 λον
153 1977 207 2044 καί
232 1978 338 2062 αὐτήν
359 2002 448 2055 τινες
471 1978 692 2062 ὀνομάζουσιν
716 1977 777 2042 οὐκ
801 1978 935 2060 εἰδότες,
958 1979 1003 2054 ὡς
1021 1981 1087 2043 τίτ-

76 2089 129 2162 λος
149 2089 273 2172 κυρίως
295 2084 315 2168 ἡ
338 2085 544 2171 προσφραφὴ
567 2095 634 2149 τῶν
656 2082 851 2168 ἀξιωμάτων
874 2082 1018 2167 λέγεται,
1046 2084 1087 2149 ού

76 2193 137 2275 μὴν
149 2191 170 2275 ἡ
184 2193 389 2277 τετράγωνος
404 2193 545 2277 γραμμή.
573 2191 613 2256 τά
627 2200 695 2255 τῶν
708 2191 820 2255 ἀλλων
834 2192 1088 2277 στρατευμάτων
1102 2202 1127 2255 X

76 2298 215 2384 ὀνόματα
239 2296 293 2363 ἐπὶ
316 2299 453 2373 σανίδος
476 2296 698 2383 ἀπεγράφετο·
731 2295 860 2379 λέγεται
884 2294 922 2362 δὲ
948 2299 1193 2384 παράΧΟεᾶτερ.

142 2543 166 2580 v.
187 2523 274 2580 11Ἡ
289 2523 357 2594 παρ’
376 2522 508 2594 Ἕλλησιν
522 2555 556 2564 -
577 2529 610 2578 18
629 2523 741 2594 γραμμὴ
765 2523 865 2594 Georg.
885 2524 1001 2580 Cedren.
1019 2524 1086 2580 hist.

79 2614 160 2667 comp.
179 2616 206 2667 p.
227 2603 306 2666 298‚9
324 2597 425 2664 Bonn.,
453 2595 504 2664 qui
527 2600 560 2649 18
583 2594 617 2649 τά
635 2605 691 2650 τῶν
711 2594 888 2650 ἀλλων-19
907 2594 1085 2667 ἀπεγράφετο

79 2667 181 2722 omissis
209 2665 252 2721 ita
282 2666 388 2738 pergit:
421 2664 528 2737 λέγεται
555 2665 633 2735 παρὰ
655 2662 803 2735 Ῥωμαίοις
831 2668 883 2721 eto.
912 2670 948 2736 (p.
974 2673 1022 2735 14,
1033 2671 1060 2738 1)
1082 2669 1085 2741 λ

79 2738 325 2809 στρατευμάτωνΧ
337 2747 511 2807 στρατιωτῶν
530 2737 672 2792 Osannum
692 2740 804 2791 secutus
819 2737 869 2807 Βν,
887 2755 1005 2807 quorum
1023 2755 1088 2793 con-

79 2810 209 2865 iecturam
226 2809 416 2880 praesumpsiss
434 2811 596 2878 excerptum
614 2808 782 2877 Patisium,
802 2809 878 2878 quod
892 2809 998 2881 legitur
1012 2812 1088 2880 apud

79 2881 198 2937 Boisson.
212 2881 317 2936 Anecd.
333 2899 373 2951 gr.
388 2881 409 2950 1,
424 2886 476 2933 420
491 2897 506 2934 e
521 2880 581 2934 cod.
596 2880 658 2934 Par.
674 2898 715 2950 gr.
727 2886 794 2934 1231
806 2881 927 2936 editum:
941 2882 1006 2950 περὶ
1020 2881 1088 2952 χάρ-

80 2973 131 3008 του.
164 2951 206 3007 ύτι
220 2953 247 3007 οἱ
261 2953 375 3022 ἀρχαῖοι
389 2952 420 3007 ἐν
433 2960 495 3013 ταῖς
509 2949 619 3006 σανίσιν
633 2950 768 3021 ἔγραφον,
788 2949 857 3007 ὅθεν
876 2949 955 3023 μέχρι
971 2960 1020 3006 τοῦ
1036 2961 1088 3007 νῦν

81 3023 146 3079 ἔνθα
160 3023 319 3095 γράφονται
328 3022 363 3078 τὰ
371 3033 427 3078 τῶν
441 3031 614 3091 στρατιωτῶν
625 3021 750 3091 ὀνόματα
759 3021 906 3091 ματρίκιον
916 3021 1089 3091 ὀνομάζεται,

82 3092 94 3148 ὃ
110 3093 236 3166 σημαίνει
253 3095 285 3149 τὸ
303 3095 393 3149 πλατὺ
411 3095 460 3148 καὶ
477 3095 553 3164 παχύ
572 3093 667 3162 ξύλον,
686 3093 764 3148 άλλοι
783 3092 814 3147 δὲ
833 3094 873 3155 εἰς
892 3094 1008 3162 φλοιοὺς
1026 3090 1088 3147 δέν-

81 3168 149 3234 δρων
157 3170 248 3228 καλῶς
261 3163 465 3234 ἀποξεομένων.
489 3163 546 3219 δδὲ
559 3167 727 3232 Πτολεμαῖος
737 3162 807 3234 ἔχων
816 3161 991 3253 Ἀρίσταρχον
1002 3183 1088 3233 γραμ-

82 3238 192 3304 ματικὸν
217 3234 493 3362 συμβουλευσάμενον
517 3237 592 3308 αύτῷ
620 3232 762 3290 ἀπέστειλε
784 3245 892 3303 πρῶτος
919 3254 1025 3305 χάρτην
1051 3235 1090 3296 είς

79 3305 177 3379 Ῥώμην
195 3309 243 3364 καὶ
277 3305 384 3375 ξένισεν
402 3307 512 3401 αύτούς.
555 3305 705 3397 φθονήσας
723 3304 754 3396 δὲ
772 3311 810 3379 τῷ
829 3304 993 3378 Ἀριστάρχῳ
1012 3305 1089 3372 Κρά-

82 3379 552 3576 Ξλςεεῖάὲλίμῗῖἑλῖςρᾙὲίίίς
569 3379 1089 3519 ίλῖἷιάᾏὶἶλῖίιύῖἷαίίῗίλῗλνὲί

84 3524 122 3578 λαι
141 3523 227 3585 αύτάς
245 3522 285 3584 εἰς
300 3524 410 3592 Ράιμην·
448 3524 503 3576 θεν
522 3521 561 3582 είς
579 3519 691 3590 μνήμην
709 3529 758 3575 τοῦ
778 3516 993 3582 ἀποστείλαντος
1012 3517 1090 3591 μέχρι

84 3603 126 3649 τοῦ
144 3602 196 3650 νῦν
210 3591 390 3664 περγαμηνάς
407 3592 458 3656 τὰς
476 3590 637 3664 μεμβράνας
654 3595 795 3647 καλοῦσιν.
