2556 3996
493 201 604 255 LIBER
621 201 759 256 PRIMUS
1115 204 1138 268 5

109 365 182 447 τὴν
200 365 367 449 κρηπῖδα>
380 365 544 450 Εὔριπον,
564 363 599 430 ἐκ
617 374 678 431 τοῦ
692 369 877 430 θαλαττίου
892 371 971 443 ῖσως
985 365 1140 452 Ιύλρίπου
1153 377 1237 430 XYP

109 468 173 535 καὶ
198 479 257 555 τῆς
281 468 413 548 ἑπτάκις
436 470 540 536 αὐτοῦ
559 472 830 556 διαυλοδρομίας,
854 471 968 556 ἐπειδὴ
987 472 1139 551 κάκεῖνος

110 576 253 654 ἑπτάκις
290 587 348 662 τῆς
383 575 507 663 ἡμέρας
543 576 755 663 ἀντιστρέφει
790 579 852 662 τὴν
887 582 1028 662 κίνησιν.
1083 577 1139 644 καὶ
1152 590 1203 644 YS

108 683 265 770 πυραμὶς
287 685 327 749 δέ
348 683 439 749 ἐστιν
466 682 615 771 ἐνμέσῳ
642 693 689 772 τῷ
713 686 851 773 σταδίῳ,
878 684 899 768 ἡ
929 681 966 750 δὲ
993 683 1139 771 πυραμὶς

105 795 248 875 Ἡλίου,
263 789 334 856 ἐπεὶ
348 793 462 867 άσκιος
476 789 575 874 ἐγγὺς
590 790 607 857 ὁ
622 801 773 868 τοιοῦτος
787 794 910 876 βωμός·
924 793 1060 858 πάντων
1075 793 1139 878 γὰρ
1152 803 1233 858 XYs

112 911 188 964 τῶν
212 897 381 984 οὐρανίων
408 900 601 984 φωσφόρον
630 899 791 983 σωμάτων
818 899 917 963 σκιδιν
939 898 1139 964 ἀποτελούν-
1167 924 1178 962 ο

113 1029 190 1070 των
213 1004 313 1081 αὐτὸς
340 1007 442 1089 μόνος
470 1004 531 1083 ἔξω
559 1005 680 1088 ταύτης
708 1003 786 1070 ἐστί.
832 1004 869 1070 ἐν
897 1002 934 1070 δὲ
961 1017 1032 1083 τοῖς
1058 1004 1133 1092 παρ’
1152 1017 1204 1071 ΥΡ

117 1110 261 1197 ἑκάτερα
283 1109 420 1197 τέρμασι
442 1119 504 1177 τοῦ
521 1110 677 1197 Εὐρίπου
698 1112 822 1177 τούτου
845 1114 980 1178 ἄνωθεν
1002 1109 1065 1197 μὲν
1082 1122 1141 1196 τῆς

115 1219 311 1302 πυραμίδος
343 1216 397 1283 ἐπὶ
433 1226 494 1283 τοῦ
525 1216 681 1302 Εὐρίπου
715 1216 822 1302 βωμοὶ
854 1219 1008 1303 ἵδρυνται
1038 1230 1140 1306 τρεῖς·

116 1327 273 1410 Κρόνου,
296 1327 395 1407 Διός,
412 1323 541 1410 Ἄρεος·
564 1325 717 1389 κάτωθεν
740 1320 778 1388 δὲ
796 1326 899 1390 πάλιν
917 1324 1024 1410 βωμοὶ
1042 1336 1140 1412 τρεῖς,
1155 1348 1181 1387 ιο

111 1428 329 1516 Ἀφροδίτης,
346 1430 470 1517 Ἑρμοῦ
488 1429 543 1496 καλ
562 1432 726 1514 Σελήνης·
749 1432 904 1517 τρίποδες
927 1432 1000 1516 δύο,
1020 1431 1175 1498 ἩλίουΡ

117 1534 178 1601 καὶ
204 1540 372 1622 Σελήνης,
403 1535 459 1602 καὶ
489 1537 620 1621 άγαλμα
652 1537 812 1619 γυναικὸς
837 1539 963 1622 φιάλην
986 1537 1141 1625 ἐπιφερο-

118 1642 224 1729 μένης
256 1643 293 1708 ἐν
323 1654 364 1730 τῇ
395 1648 536 1730 κεφαλῇ·
576 1641 645 1709 ἐστὶ
679 1640 717 1709 δὲ
751 1643 772 1727 ἡ
800 1653 858 1727 γη,
896 1642 1047 1729 φέρουσα
1079 1646 1141 1728 τὴν

116 1752 306 1816 θάλασσαν.
353 1752 532 1833 σάλπιγγες
555 1745 592 1814 δὲ
616 1748 669 1814 ἐπὶ
693 1748 780 1816 τέλει
806 1761 875 1816 τῶν
898 1749 1040 1833 ἀγώνων
1062 1753 1141 1826 τούς

118 1858 259 1941 νικητδς
291 1856 345 1923 ἐπὶ
374 1859 415 1923 τὰ
447 1855 528 1942 γε’ρα
560 1862 714 1940 καλοῦσι,
747 1858 876 1922 δώδεκα
908 1854 946 1922 δὲ
974 1856 1141 1941 ὕσπληγες
1155 1885 1181 1926 15

115 1964 201 2029 κατὰ
220 1966 360 2048 μίμησιν
377 1974 445 2028 τῶν
464 1962 593 2030 δώδεκα
611 1965 751 2050 ζῳδίων·
770 1963 960 2048 μαππάριος
979 1960 1016 2028 δὲ
1034 1975 1244 2038 κα-Ροςᾱιθη,

116 2075 226 2135 λεῖται
250 2069 268 2135 ὁ
293 2069 399 2157 ἐντῷ
422 2068 509 2156 μέσῳ
539 2070 713 2155 ἱστάμενος
740 2067 795 2135 καλ
818 2078 879 2135 τοῦ
902 2071 1031 2156 δρόμου
1055 2073 1140 2155 ἔχων

117 2296 225 2366 incipit
243 2297 281 2364 X,
301 2293 343 2350 ὅτι
362 2296 477 2365 εὐριπος
495 2296 648 2366 ὠνομάσθη
667 2297 685 2366 ἡ
705 2295 788 2367 μίτον
806 2307 856 2353 τοῦ
876 2295 1054 2367 ἱπποδρόμου
1072 2318 1140 2368 κρη·

121 2366 172 2432 πίς
191 2367 293 2438 incipit
316 2368 362 2438 ΥΙ
378 2367 504 2439 (ταύτην
522 2368 574 2438 τὴν
592 2369 737 2441 κρηπῖδα)
754 2369 851 2424 addidi

192 2458 217 2492 v.
238 2444 251 2491 1
273 2437 337 2502 ίοως
355 2438 433 2494 omis.
454 2439 483 2492 Y
557 2445 572 2492 2
592 2438 689 2508 ἐπειδὴ
704 2473 738 2480 -
753 2446 769 2493 3
784 2438 907 2512 κίνησιν]
927 2439 998 2495 οὐτω
1017 2439 1070 2511 γὰρ
1091 2437 1137 2493 ἐπ’

119 2507 232 2564 ἐκείνου
246 2511 315 2578 φαολ
330 2507 495 2581 συμβαίνειν
507 2511 536 2564 Υ
548 2511 552 2583 Ι
569 2510 666 2579 ἐπειδὴ
677 2543 711 2552 -
721 2517 737 2565 ὁ
748 2511 840 2582 βωμὸς
854 2512 956 2566 desunt
966 2513 998 2565 X
1060 2516 1076 2564 3
1091 2512 1140 2565 καὶ

119 2581 246 2649 πυραμὶς
256 2613 289 2620 -
302 2587 316 2636 7
331 2581 434 2650 ταύτης
453 2579 509 2636 ἐστί
525 2581 627 2638 desunt
640 2583 669 2636 P
738 2589 754 2636 ὁ
773 2581 855 2654 ίγγύς
869 2582 947 2637 omis.
967 2583 996 2636 Y
1064 2589 1080 2636 6
1097 2581 1139 2636 ὅτι

118 2662 178 2706 τῶν
203 2649 343 2718 οὐρανίων
371 2649 530 2721 φωσφόρων
561 2652 694 2722 σωμάτων
717 2653 800 2707 σκιὰν
823 2653 880 2707 ἀπο
898 2654 1034 2709 ελούντων
1062 2651 1140 2723 ἣλιος

121 2720 208 2792 μύνος
227 2721 277 2787 ἔξω
295 2722 398 2792 ταύτης
417 2721 485 2777 ἐστί·
510 2723 559 2777 διὰ
576 2733 659 2779 τοῦτο
677 2724 695 2793 ἡ
714 2725 838 2794 πυραμὶς
855 2674 944 2794 ηλάου,
963 2724 1024 2780 ἐπεὶ
1043 2724 1140 2786 άσκιος

119 2793 203 2866 ἐγγύς
226 2792 240 2848 ὁ
259 2801 385 2855 τοιοῦτος
426 2791 540 2864 ωμόςδ
611 2801 625 2850 7
645 2795 742 2867 αὐτὸς]
760 2794 837 2864 ἥλιος
855 2797 887 2850 Χ
906 2801 909 2866 Ι
930 2796 995 2852 ἐστὶ.
1018 2795 1140 2858 πλεύσας

119 2864 233 2919 ἐκεῖθεν
252 2867 296 2934 (=
311 2871 326 2930 ξ
342 2867 386 2934 13)
510 2871 525 2918 7
541 2864 571 2920 ἐν
586 2865 617 2920 δὲ
630 2875 734 2930 τοῑς-
744 2872 760 2919 8
771 2866 897 2938 ἄνωθεν]
912 2869 961 2922 καλ
980 2867 1093 2923 άνωδεν
1113 2867 1142 2919 Υ

119 2942 136 2990 8
157 2934 271 2992 ἄνωθεν
290 2933 340 3004 μὲν
358 2943 408 3005 τῆς
425 2934 594 3008 πυραμίδος]
614 2937 645 2991 ἐν
664 2935 715 3006 μὲν
736 2942 775 3010 τῷ
793 2937 852 2994 άνω
871 2939 900 2992 Ρ
988 2945 1003 2994 9
1024 2937 1070 2992 ἐπὶ
1088 2945 1138 2991 τοῦ

120 3003 249 3075 Melum)
277 3006 355 3060 omis.
376 3009 426 3078 Py
452 3005 581 3076 ίδρονται
600 3007 678 3062 omis.
699 3009 728 3062 Y
822 3015 856 3062 10
875 3009 964 3078 άρεως
982 3024 1066 3078 saepe
1085 3009 1114 3061 Υ
1112 3008 1142 3132 ἳη

119 3077 250 3134 κάτωθεν
273 3075 316 3150 δὲ]
340 3077 371 3134 έν
395 3077 426 3132 δὲ
449 3084 487 3132 τῶ
509 3077 584 3133 κάτω
608 3081 636 3132 Ρ
661 3081 665 3149 1
695 3077 780 3134 πάλιν
803 3081 891 3151 βωμοὶ
913 3089 986 3148 τρεῖς
1009 3078 1088 3133 omis,

121 3157 153 3204 ll
168 3147 299 3217 τρίποδες
312 3181 346 3191 -
360 3169 387 3219 p.
398 3156 444 3216 6,7
465 3131 583 3204 ίπετέλει
607 3149 685 3204 omis.
710 3151 739 3203 Y
827 3156 859 3204 16
878 3149 1056 3218 Μαππάριον
1080 3158 1139 3212 τοῖς

116 3218 262 3289 Ῥωμαίοις
280 3220 358 3287 ἔδοξε
376 3224 472 3275 καλεῖν
491 3220 519 3286 ἐξ
534 3218 627 3283 αἰτίας
639 3221 778 3290 τοιαύτης.
816 3220 884 3284 ἔθος
897 3214 933 3288 ἦν
947 3230 1006 3283 τοῖς
1020 3219 1138 3283 ὑπάτοις

120 3292 167 3347 ἐπὶ
181 3301 236 3348 τῶν
249 3290 379 3360 θεάτρων
394 3293 570 3362 εὐωχεῖσθαι.
603 3291 671 3361 μετὰ
686 3290 762 3346 δὲτὸ
777 3292 943 3345 παύσασθαι
957 3299 1007 3361 τῆς
1020 3291 1074 3345 εὐω
1093 3288 1139 3353 ίας

119 3365 151 3420 τδ
171 3362 201 3418 ἐν
219 3372 314 3434 χεροῖν
333 3362 490 3433 ἐκμαγεῖον,
510 3361 525 3417 δ
543 3364 593 3417 καὶ
611 3362 731 3432 μάππαν
748 3361 872 3431 πατρίως
890 3365 1037 3430 καλοῦσιν,
1056 3312 1091 3427 ἐξ
1104 3358 1138 3417 οὐ

119 3434 168 3491 καλ
190 3434 330 3504 μαυδύλια
353 3433 496 3503 ἔρριπτον
527 3432 594 3502 ὅπερ
622 3431 829 3505 ὐποδεχόμενος
851 3433 866 3487 ὁ
889 3431 1036 3503 λεγόμενος
1065 3452 1139 3502 μαπ-

118 3505 220 3574 πάριος
237 3505 288 3560 τδν
307 3505 403 3575 ἀγῶνα
418 3506 631 3573 παρεσκεύασεν.
665 3506 700 3559 οὐ
713 3502 798 3560 πλέον
812 3503 843 3559 δὲ
853 3537 888 3544 -
897 3523 924 3573 p.
936 3511 996 3573 6,14
1016 3504 1087 3560 κατὰ
1106 3505 1138 3559 τὸ

119 3576 213 3647 λόγιον
232 3575 333 3647 Georg.
348 3576 463 3631 Cedren.
478 3575 543 3630 hist.
559 3592 647 3645 comp.
664 3594 689 3645 p.
702 3581 794 3646 297‚15
808 3576 896 3631 Bonn.
