2524 3984
477 231 684 287 Parnassio
1004 232 1094 306 xxm

84 400 212 460 codicum
229 401 317 477 stirpi
334 401 500 461 necessario
518 400 644 461 tribuas.
679 420 776 477 neque
798 403 899 460 tamen
921 401 949 459 a
972 419 988 460 e
1010 400 1094 460 Pari·

82 489 140 549 sino
164 490 260 565 fluxit,
284 490 395 566 quippe
419 491 472 566 qui
494 491 549 550 illa
570 487 637 568 περὶ
655 488 821 567 ποσότητος
839 497 898 549 τῶν
916 485 1094 568 τικτομένων

82 579 224 653 omiserit,
253 598 349 655 neque
379 578 534 638 Parisinus
562 599 597 638 ex
619 579 659 654 a,
692 578 744 655 qui
775 578 966 638 formicarum
998 579 1094 638 otium

80 667 202 744 ignoret.
247 687 325 744 quae
348 687 415 728 cum
438 669 482 727 ita
505 667 580 744 sint,
606 668 778 728 Parisinum
805 687 840 727 ex
867 667 971 727 eodem
994 668 1093 726 arche·

81 760 152 832 typo
171 756 329 816 deductum
348 775 410 816 esse
430 759 565 834 apparet,
589 777 604 815 e
629 775 689 833 quo
708 757 793 832 illud,
813 757 897 816 cuius
914 757 942 815 R
956 756 1093 816 Tischen-

82 845 228 904 dorfianus
260 846 370 922 reliqui
403 846 533 906 eiusdem
565 847 682 923 generis
710 849 780 906 sunt
811 845 992 923 apographa.
1037 846 1093 904 hoc

80 939 179 994 autem
211 935 406 1010 archetypum
434 954 495 995 non
526 935 627 1011 ipsum
659 935 855 994 Laurentium
886 935 978 994 fuisse
1006 937 1093 993 autu·

80 1023 237 1100 mabimus,
266 1023 317 1082 sed
340 1024 546 1084 collectionem
569 1043 585 1083 e
607 1023 746 1099 plurimis
769 1023 907 1100 epitomis
931 1026 1094 1099 consutam,

17 1177 18 1186 .
80 1111 107 1170 id
125 1112 207 1188 quod
229 1112 332 1171 ordine
356 1113 612 1192 paragraphorum
626 1112 734 1171 alibro
754 1112 790 1172 de
808 1113 957 1172 mensibus
977 1113 1094 1172 diverso

17 1193 18 1228 ³
81 1200 299 1261 demonstretur
331 1204 361 1261 et
391 1201 505 1261 inserta
543 1201 750 1278 disquisitione
782 1201 819 1259 de
855 1201 1007 1278 Danubio,
1046 1199 1095 1260 cui

82 1289 204 1349 alterius
227 1290 381 1349 cuiusdam
400 1290 531 1350 auctoris
550 1290 717 1350 doctrinam
734 1290 830 1350 inesse
850 1309 939 1366 supra
958 1290 1094 1349 diximus.

81 1378 173 1438 fusius
202 1383 303 1438 autem
336 1379 373 1438 de
400 1380 456 1440 hoc
483 1379 620 1439 Parisino
648 1379 748 1438 codice
781 1379 918 1454 disserui,
952 1379 1094 1456 quoniam

82 1468 231 1543 exemplar
252 1468 544 1544 praestantissimum
571 1472 617 1528 est
643 1468 803 1545 singularis
827 1468 980 1526 cuiusdam
1002 1468 1094 1526 tradi-

81 1555 168 1615 tionis
191 1556 359 1633 Lydianae,
389 1557 428 1616 ad
456 1577 546 1634 quam
568 1557 769 1616 recensionem
795 1557 917 1632 plurimi
943 1558 1095 1632 pertinent

84 1645 210 1720 codices,
248 1646 300 1722 qui
341 1664 442 1706 omnes
479 1646 597 1707 eosdem
632 1648 779 1705 tractatus
817 1646 919 1721 ecdem
956 1645 1095 1704 exhibent

85 1734 193 1808 ordine,
226 1753 286 1810 quo
309 1734 463 1794 Parisinus
490 1735 555 1809 ille;
589 1753 718 1811 quorum
746 1753 837 1810 quam
864 1736 931 1794 arta
958 1734 1036 1792 inter
1063 1751 1094 1792 sc

84 1823 217 1900 cognatio
244 1823 285 1882 sit
321 1824 472 1899 inquirere
499 1823 664 1900 supersedi:
703 1843 799 1900 neque
831 1823 905 1882 certi
932 1822 1095 1899 quidquam

84 1911 116 1970 de
144 1931 179 1970 ea
206 1911 372 1988 poterimus
405 1912 569 1987 affirmare,
600 1914 648 1974 tot
679 1913 829 1972 codicibus
861 1912 913 1988 qui
945 1912 1095 1987 quondam

82 1999 157 2058 inter
175 2019 231 2076 eoa,
251 2000 303 2078 qui
317 2001 405 2060 hodie
423 2004 540 2076 extant,
562 2001 800 2076 intercesserunt,
823 2020 910 2060 eursu
927 2004 1095 2076 temporum

85 2088 249 2164 deperditis.
296 2090 348 2150 sed
369 2091 432 2150 iam
455 2092 493 2150 ad
522 2091 653 2167 reliquos
682 2090 812 2150 eiusdem
840 2089 957 2168 generis
980 2089 1095 2148 codices

82 2181 270 2238 transeamus.

147 2270 173 2326 2.
196 2269 401 2328 Vaticanus
429 2267 621 2328 Palatinus
655 2286 805 2347 graecus
830 2269 885 2343 13,
913 2286 1001 2343 quem
1025 2265 1094 2325 scri-

83 2358 165 2430 ptum
191 2375 254 2418 esse
285 2375 362 2417 anno
390 2378 419 2434 p.
444 2357 511 2418 Chr.
534 2378 563 2417 n.
589 2360 672 2417 1167
698 2375 716 2416 a
744 2355 873 2434 Georgio
901 2355 1096 2416 Gammareno

86 2448 223 2522 regnante
258 2446 398 2521 Byzantii
434 2447 571 2506 Manuele
609 2446 759 2506 Oomneno
796 2446 881 2505 dccet
917 2443 1095 2520 subscriptio

85 2533 104 2590 1.
124 2535 206 2594 3481.
249 2534 354 2594 eadem
377 2554 454 2611 quae
477 2555 496 2594 a
518 2534 585 2594 Par.
609 2556 652 2614 gr.
679 2537 762 2594 1346
792 2534 905 2594 ultimis
932 2533 1020 2592 huius
1048 2551 1095 2591 co-

86 2621 154 2680 dicis
179 2623 260 2684 foliis
288 2615 377 2705 (347.
406 2617 485 2706 343)
518 2624 679 2683 traduntur
706 2623 882 2683 lectionibus
909 2622 959 2681 vix
988 2622 1094 2680 discre-

84 2711 225 2784 pentibus.

149 2801 174 2858 3.
197 2800 399 2860 Vaticanus
431 2819 583 2877 graecus
612 2802 676 2860 854
705 2819 726 2860 s.
754 2801 813 2858 XII
845 2799 947 2858 eadem
978 2797 1097 2857 exhibet

84 2886 103 2942 1.
127 2889 204 2948 235¹
226 2908 290 2966 sqq.

148 2979 174 3035 4.
196 2978 399 3037 Vaticanus
429 2996 581 3056 graecus
605 2979 668 3038 855
697 2996 719 3037 s.
742 2977 798 3036 XV
825 2977 858 3034 in
885 2976 943 3035 fine
971 2975 1098 3034 mutilus

87 3067 240 3142 consentit,
282 3070 429 3142 quatenus
468 3067 586 3146 integer
627 3070 672 3126 est
708 3059 815 3148 (usque
853 3065 891 3124 ad
928 3062 978 3124 acl
1013 3062 1094 3141 θηλύ

87 3172 116 3226 p.
137 3156 236 3230 41,13
261 3149 363 3237 Treu),
391 3155 435 3214 ia
463 3175 531 3215 cum
564 3155 662 3216 codice
685 3153 824 3214 Palatino
849 3156 904 3230 13,
936 3156 971 3212 ut
998 3172 1033 3210 ex
1061 3171 1098 3211 ec

89 3240 218 3304 videatur
247 3263 310 3304 esse
338 3245 513 3321 exscriptum
541 3244 573 3303 id
601 3244 680 3321 quod
706 3245 768 3302 iam
794 3243 911 3302 monuit
935 3241 965 3302 Ο.
988 3240 1094 3298 Krum·

89 3329 191 3392 bacher
212 3327 299 3416 (sita
317 3334 385 3392 Ber.
409 3333 461 3392 der
483 3333 601 3392 Mitnch.
625 3333 722 3392 Ahad.
743 3334 827 3393 1892
847 3352 875 3408 p.
895 3327 981 3408 344).

152 3424 178 3480 5.
199 3422 391 3482 Parisinus
413 3441 562 3500 graecus
584 3424 670 3482 1310
688 3422 860 3480 chartaceus
879 3439 901 3479 s.
916 3419 972 3477 XV
985 3420 1006 3477 f.
1021 3419 1098 3492 444,

91 3511 215 3570 continet
236 3512 305 3572 inde
329 3530 348 3570 a
370 3511 442 3570 folio
466 3513 547 3570 442r
563 3542 597 3552 -
614 3513 649 3568 ut
666 3510 826 3570 inventarii
839 3508 937 3568 verbis
957 3510 1025 3566 utar
1039 3529 1098 3565 -ε

93 3590 247 3676 ‘Anonymi
292 3600 468 3676 opusculum
508 3599 545 3658 de
588 3602 731 3675 quattuor
772 3596 904 3673 paradisi
946 3595 1100 3655 terrestris
