2556 3996
176 195 223 260 40
542 195 650 250 LIBER
669 195 823 252 TERTIUS

141 369 159 424 S
173 355 229 423 καὶ
244 357 446 444 ἀνθρώπους
460 359 563 443 τινάς,
578 360 622 436 ὡς
635 358 801 444 Διογένης
815 359 853 425 ἐν
866 370 936 437 τοῖς
953 357 1038 446 ὑπὲρ
1059 361 1185 445 Θοόλην

109 463 272 543 Ηὸάξιοῑ.
311 466 343 531 οἱ
367 461 404 530 δὲ
422 463 578 552 Ἀρκάδες
600 477 703 552 τριῶν
725 478 855 552 μηνῶν,
878 468 1063 535 Σικυώνιοι
1087 464 1124 533 δὲ
1144 465 1184 550 ἐξ,

178 561 318 637 Λατῖνοι
336 581 441 657 τριῶν
462 569 518 636 καὶ
540 569 620 636 δέκα
638 573 698 637 τὸν
721 570 876 638 ἐνιαυτὸν
898 572 1081 658 ἡριλδμουν,
1102 575 1184 658 παρά

176 673 215 744 δὲ
239 677 409 762 Ῥωμαίοις
435 678 472 743 τὸ
504 678 648 743 παλαιδν
675 677 755 743 δέκα
777 687 883 763 μῆνας
914 678 1097 747 ἐτετόπωτο
1131 681 1185 744 τὸν

135 797 163 850 Η
177 782 333 849 ἐνιαυτὸν
355 786 458 868 ἔχειν,
480 783 623 869 ὕστερον
644 780 682 848 δὲ
703 785 786 870 πρὸς
803 793 864 850 τοῦ
886 784 1048 869 βασιλέως
1070 790 1184 870 Νουμᾶ

149 889 230 957 ικαὶ
259 889 366 975 ἕτεροι
395 891 457 956 δύο
484 889 749 976 προσετέθησαν,
781 900 877 976 τιμῆς
909 888 971 976 μὲν
1001 891 1098 958 ἕνεκα
1122 902 1186 956 τῶν

174 1007 305 1080 νοητῶν
324 996 343 1062 6
362 995 583 1082 Ἰανουάριος,
609 1008 676 1063 τῶν
702 997 828 1062 ὑλικῶν
851 994 889 1063 δὲ
912 998 930 1064 6
956 1000 1184 1086 Φεβρουάριος.

175 1106 306 1188 Καίσαρ
339 1099 377 1168 δὲ
405 1102 547 1189 ὕστερον
574 1103 593 1169 6
617 1105 719 1180 Γάϊος
749 1102 784 1169 έκ
814 1113 872 1187 τῆς
901 1116 968 1170 τῶν
997 1108 1186 1190 Αἰγυπτίων

176 1210 313 1293 διδαχῆς
344 1208 514 1290 διετάξατο
553 1213 613 1276 τόν
648 1234 683 1275 τε
719 1213 844 1296 χρόνον
880 1207 971 1277 εἶναι
994 1215 1186 1298 τριακοσίων

136 1343 162 1382 ιο
176 1313 332 1399 ἑξήκοντα
350 1313 447 1381 πέντε
465 1317 624 1402 τετάρτου
641 1315 784 1401 ἡμερῶν,
806 1315 862 1382 καὶ
884 1319 963 1393 τοὺς
985 1327 1091 1403 μῆνας
1112 1320 1186 1395 τοὺς

175 1418 237 1507 μὲν
249 1420 314 1487 άπὸ
333 1423 512 1509 τριάκοντα
527 1425 615 1507 ἔχειν
633 1421 775 1508 ἡμερῶν,
789 1424 869 1500 τοὺς
883 1421 920 1488 δὲ
936 1423 999 1490 άπὸ
1014 1427 1185 1511 τριάκοντα

176 1527 260 1613 ἑνός,
279 1529 339 1594 τὸν
354 1526 391 1594 δὲ
411 1529 644 1615 Φεβρουάριον
663 1530 868 1595 εἰκοσιοκτώ·
890 1529 910 1613 ἡ
929 1533 993 1616 γὰρ
1011 1535 1187 1615 παλαιότης

175 1638 253 1713 τοὺς
272 1637 471 1701 δυοκαίδεκα
490 1645 595 1721 μῆνας
612 1645 673 1701 τοῦ
691 1635 831 1719 ἡλιακοῦ
849 1636 1006 1702 ἐνιαυτοῦ
1023 1639 1087 1704 ἀπὸ
1101 1641 1186 1726 τριά-

174 1766 276 1808 κοντα
289 1742 422 1829 ἡμερῶν
439 1743 565 1819 πάντας
583 1742 781 1828 ἠρίθμησεν,
800 1744 859 1818 τὰς
873 1739 911 1808 δὲ
924 1742 1022 1810 πέντε
1035 1744 1186 1831 τέταρτον

135 1875 160 1914 ιε
174 1847 297 1934 ἡμέρας
321 1847 358 1915 έν
380 1849 636 1936 τρισκαιδεκάτῳ
659 1846 739 1933 μηνὶ
761 1847 949 1933 ἐπέβαλλεν.
986 1850 1136 1928 ἐνιαυτὸς
1149 1851 1189 1916 δέ

176 1953 245 2020 ἐστι
268 1957 388 2040 χρόνος
409 1954 446 2020 έν
464 1947 492 2042 ᾦ
510 1953 554 2020 άν
575 1954 594 2020 6
612 1955 707 2038 ἡλιος
724 1954 789 2020 άπὸ
807 1964 932 2041 τροπῆς
951 1957 1120 2042 ἰσημερίας
1136 1958 1185 2040 ἡς-

174 2070 330 2138 τινοςοῦν
352 2059 535 2147 ἀρξάμενος
557 2059 615 2146 ἀφ’
638 2062 713 2128 οἵου
736 2064 857 2146 δήποτε
881 2067 1019 2148 σημείου
1039 2075 1108 2130 τῶν
1125 2063 1183 2130 ἀπὸ

174 2178 235 2234 τοῦ
258 2167 438 2255 διαμέτρου
460 2169 585 2234 κύκλου
613 2166 666 2233 ἐπί
693 2169 731 2234 τὸ
755 2169 836 2234 αὐτὸ
865 2181 1002 2254 σημεῖον
1023 2171 1184 2256 ἀφίκηται.

212 2309 219 2326 ‹
242 2277 271 2341 6.
289 2273 522 2360 Ἰδτηρήδησαν
536 2276 569 2341 οἱ
583 2274 772 2358 σεληνιακοὶ
786 2285 897 2361 μῆνες,
915 2277 1117 2362 προστεθέν·
1129 2288 1225 2353 RrHL4

134 2396 242 2456 Χτων
264 2381 378 2459 αὐτοῖς
400 2394 469 2447 τῶν
492 2380 614 2467 ἑτέρων
637 2382 698 2446 δύο
721 2381 787 2447 ὑπὸ
809 2392 871 2448 τοῦ
893 2387 1031 2472 Νουμᾶ,
1056 2385 1100 2461 ὡς
1123 2383 1184 2451 ἐλέ-

134 2515 159 2555 ει
173 2512 290 2573 γομεν,
318 2487 379 2565 ἕως
407 2498 464 2573 τῆς
488 2491 594 2554 Γαΐου
616 2491 786 2574 Καίσαρος
807 2488 999 2574 ἡγεμονίας·
1027 2490 1131 2556 αὐτὸν
1152 2489 1187 2556 δέ

174 2612 257 2679 φασι
280 2595 362 2681 τύχη
384 2593 440 2660 καί
459 2598 562 2681 σοφίη
579 2592 635 2659 καὶ
654 2596 880 2680 διαφερόντως
894 2595 1095 2683 ἀστρολογία
1112 2599 1185 2673 τοὺς

174 2702 297 2777 ἄλλους
318 2699 578 2787 ἀποκρύψαντα,
608 2699 778 2784 ἀναβάντα
803 2704 851 2778 είς
877 2703 939 2786 τὴν
956 2701 1084 2788 Ῥώμην
1112 2704 1184 2770 δέκα

173 2806 229 2872 καὶ
276 2810 357 2893 μίαν
397 2806 667 2893 ἐπεμβαλομένην
706 2807 834 2894 ἡμέραν
870 2819 941 2886 τοῖς
982 2816 1185 2895 σεληνιακοίς

244 2965 268 3001 v.
286 2952 299 3000 1
320 2945 459 3000 Antonius
481 2945 621 3017 Diogenes
644 2946 784 3017 innuitur,
809 2947 887 3001 cuius
910 2957 966 3003 τῶν
988 2948 1058 3019 ὑπὲρ
1079 2951 1185 3019 Θοόλην

173 3015 298 3073 ἀπίστων
316 3015 415 3089 λόγους
433 3015 482 3071 κδ’
503 3021 702 3072 commemorat
719 3018 837 3073 Photius
855 3018 929 3074 Bibl.
951 3020 1010 3075 cod.
1032 3026 1083 3074 166

243 3161 268 3196 v.
285 3148 300 3195 2
319 3141 453 3210 ἀρκάδιοι
467 3143 502 3196 Η
514 3144 518 3213 Ι
535 3143 584 3197 καὶ
598 3144 741 3198 σικυάνιοι
756 3141 784 3208 ἕξ
798 3144 821 3199 S
890 3149 907 3198 3
925 3149 1043 3199 Λατῖνοι
1058 3176 1092 3185 -
1106 3144 1184 3216 ηρόδ-

173 3233 244 3283 μουν
262 3230 316 3267 om.
335 3213 371 3267 H
390 3215 394 3284 Ι
416 3211 571 3284 ἠρίδμουν·
594 3213 622 3268 οἱ
640 3212 735 3283 μέντοι
754 3211 872 3284 όυμαῖοι
890 3214 977 3270 πάλαι
995 3213 1066 3270 δέκα
1083 3227 1183 3286 μηνῶν,

172 3283 287 3354 ὕστερον
301 3283 333 3338 δὲ
347 3284 527 3340 δυοκαίδεκα.
547 3285 570 3340 S
640 3291 657 3339 4
677 3283 719 3339 ὅτι
738 3283 807 3340 δέκα
826 3287 909 3355 μησὶν
926 3286 954 3340 οἱ
972 3287 1085 3357 ἀρχαῖοι
1100 3290 1183 3343 διεπυ-

172 3357 300 3411 πάσαντο
314 3355 365 3411 τδν
379 3355 546 3411 ἐνιαυτδνδ
617 3361 649 3410 17
668 3360 724 3411 τῶν
742 3356 788 3410 ἐπὶ
806 3365 856 3412 τοῦ
871 3356 920 3412 διὰ
933 3354 1024 3425 μέσων
1037 3358 1142 3414 κόκλου
1155 3357 1183 3412 οἰ.

64 3439 73 3445 ’
173 3426 224 3481 Gu.
239 3426 318 3482 Kroll
386 3433 419 3480 21
435 3428 528 3482 αότὼν
541 3427 570 3482 A
638 3432 672 3481 23
687 3427 894 3498 ἀποκρύψαντα
909 3429 945 3497 Β,
965 3429 1030 3483 add.
1045 3429 1072 3483 A
1100 3447 1182 3499 marg.

174 3505 208 3552 24
218 3495 457 3569 ἐπεμβαλομένους
467 3499 505 3567 Χ,
521 3496 745 3570 ἐπεμβαλόμετον
755 3499 806 3568 Ιίν,
821 3497 1047 3571 έπεμβαλομίνην
1056 3469 1184 3556 Ιόοεολιλεε

173 3569 253 3624 Βότω.
268 3569 337 3622 Jahr
357 3569 453 3624 116’07
