2530 3988
179 199 242 262 126
461 198 570 252 LIBER
589 198 766 263 QUARTUS.
796 199 909 254 MAIUS

136 363 280 446 Χμύλος
302 365 497 447 πατρικίους
515 363 667 447 πρώτους
686 360 890 448 ἀνηγόρευσε
908 363 964 428 διά
983 364 1020 428 τὸ
1040 363 1204 448 εὐπατρί-

177 470 237 544 δας
260 467 433 550 γενέσθαι,
461 465 516 533 καὶ
540 467 601 550 τὴν
625 466 752 533 ἑαυτῶν
773 471 971 553 περιουσίαν
994 479 1064 546 τοῖς
1087 467 1205 548 ξένοις

176 571 261 661 ὑπὲρ
282 563 341 658 τῆς
364 575 523 659 πατρίδος
551 573 734 640 ἐπιδοῦναι.
776 573 872 659 Ἰλία,
900 575 920 658 ἡ
945 585 1006 641 τοῦ
1025 575 1201 660 Ῥωμύλου

177 685 292 766 μόνον·

143 797 160 850 S
247 788 297 851 74.
322 786 393 852 Ὅτι
421 789 504 874 πρὸς
531 790 610 864 τοὺς
640 786 873 870 ἀντιλέγοντας
901 799 940 875 τῇ
969 793 1113 876 προνοίᾳ
1141 788 1199 854 καὶ

151 891 410 978 ομεμφομίνους
432 891 580 959 τουτοισὶ
603 905 673 970 τοῖς
697 897 868 977 ζωῦφίοις,
891 894 1003 981 ἀκρίσι
1027 898 1111 978 λέγω
1141 895 1198 960 καὶ

179 999 349 1084 ἐρυσίβαις
376 997 430 1064 καλ
459 1001 503 1076 ὡς
531 1000 572 1065 οὐ
601 991 836 1086 προσηκόντως
863 1005 1042 1084 φαίνονται
1069 1023 1198 1087 παρηγ-

177 1104 271 1190 μένα,
286 1103 390 1190 φησὶν
404 1104 663 1190 δἈπολλώνιος,
681 1107 731 1172 ότι
745 1109 878 1189 γελοῖόν
893 1107 983 1173 ἐστιν
994 1107 1148 1190 ἐγκαλεῖν
1157 1120 1197 1195 τῇ
1234 1163 1237 1172 ,

177 1215 330 1298 προνοίᾳ,
354 1217 482 1297 μᾶλλον
504 1209 542 1278 δὲ
564 1211 818 1298 καταγέλαστον,
842 1215 871 1279 εί
893 1214 1019 1292 ψόλλαι
1034 1215 1198 1298 ’γεγόνασι

138 1346 165 1383 10
178 1317 233 1385 καὶ
263 1322 385 1405 κόρεις·
416 1320 483 1384 ἔδει
512 1321 576 1405 γάρ
606 1321 663 1384 ἵνα
692 1321 737 1404 μὴ
766 1321 892 1398 ψύλλαι
920 1319 1084 1403 γίνωνται
1112 1325 1198 1400 ζῶον

71 1407 73 1412 ’
179 1424 254 1510 μηδ’
292 1427 376 1502 ὅλως
412 1425 587 1510 γενέσθαι,
623 1425 701 1510 μηδ’
738 1427 794 1492 ἵνα
830 1429 940 1513 κόρεις
976 1427 1196 1513 ἀνθρώπους·

113 1541 164 1596 SX
180 1533 291 1616 ἐπειδὴ
312 1532 347 1598 ἐκ
365 1528 427 1617 μὲν
445 1541 502 1617 τῆς
521 1525 705 1619 ἀνθρώπου
723 1535 806 1620 πρὸς
825 1537 897 1599 ἔνια
916 1547 983 1600 τῶν
1003 1534 1113 1614 ξύλων
1126 1547 1248 1602 ΒεΝοι

178 1641 408 1725 παρατρίψεως
440 1642 549 1725 κόρεις
584 1643 751 1723 γίνονται,
789 1639 824 1704 ἐκ
861 1637 898 1705 δὲ
929 1644 1054 1720 παντὸς
1091 1645 1199 1728 οὔρου

179 1747 318 1827 ψόλλαι,
350 1755 445 1829 μυῖαι
475 1742 512 1810 δὲ
545 1744 577 1824 ἐξ
606 1744 779 1812 ἀποπάτου
806 1746 826 1830 ἢ
853 1746 909 1813 καὶ
937 1750 1039 1833 ἀλλης
1068 1756 1200 1835 θερμῆς

140 1877 166 1916 15
179 1852 348 1938 ὑγρασίας.

139 1969 166 2022 Χ
249 1959 298 2023 75.
335 1959 439 2043 Ῥώμη
479 1963 602 2045 Φλῶρα
638 1959 693 2024 καὶ
736 1960 761 2044 ἡ
797 1964 1059 2027 Κωνσταντίνου
1100 1965 1199 2039 πόλις
1217 1981 1242 2027 ω

180 2067 287 2150 ἤγουν
300 2064 482 2131 ’Ἀνθουσα

631 2223 751 2290 Μάϊος.

250 2349 300 2413 76.
326 2348 376 2413 Οὐ
399 2351 522 2435 μικρὰν
545 2349 582 2415 ἐν
601 2349 759 2436 ἀριθμοῖς
779 2349 973 2434 ἐδείκνυμεν
990 2351 1051 2434 τὴν
1069 2362 1130 2435 τῆς
1148 2378 1198 2419 τε·
1215 2369 1244 2418 52

142 2481 168 2520 ιο
181 2455 302 2540 τράδος
325 2455 481 2540 δύναμιν,
507 2455 550 2539 ἣν
578 2459 620 2521 ἀν
642 2480 692 2533 τις
720 2455 774 2522 καὶ
802 2459 982 2544 τετρακτὺν
1009 2455 1064 2524 καί
1090 2481 1198 2545 πυρα-

181 2561 262 2644 μίδα
284 2561 430 2626 καλέσοι·
457 2565 638 2648 τετρακτὺν
660 2558 722 2647 μὲν
747 2565 828 2628 κατά
851 2565 910 2628 τὸν
933 2575 1000 2629 τών
1024 2569 1198 2650 στοιχείων

182 2667 273 2752 ὅρον,
296 2670 466 2752 πυραμίδα
490 2665 527 2733 δὲ
550 2671 631 2734 κατὰ
655 2671 714 2734 τὸν
738 2669 774 2734 ἐν
797 2674 925 2758 θεωρίᾳ
947 2673 1063 2754 λόγον·
1088 2671 1109 2755 ἡ
1133 2674 1196 2756 γὰρ

182 2772 326 2859 πυραμὶς
353 2774 418 2840 ὑπὸ
442 2777 611 2861 τεσσάρων
638 2775 768 2860 βασέων
791 2774 845 2841 καὶ
868 2778 1038 2862 τεσσάρων
1064 2789 1197 2860 γωνιῶν

181 2882 267 2964 μόνη
290 2881 516 2966 περιεχομένη,
539 2879 594 2946 καὶ
617 2883 729 2966 πρώτη
753 2891 847 2969 τριχῆ
871 2883 1029 2966 διαστάτη
1052 2887 1136 2950 κατὰ
1157 2885 1194 2948 τὸ

143 3012 168 3053 ετ
183 2987 493 3071 στοιχειωδέστατον
516 2997 577 3053 τοῦ
605 2989 771 3073 τριγώνου
800 2988 965 3072 ἐπίπεδον,
994 2990 1039 3066 ώς
1062 2990 1081 3056 ὁ
1105 2992 1195 3056 moi-

254 3197 277 3234 v.
294 3185 327 3233 25
347 3179 380 3232 cf.
400 3178 482 3234 Plato
502 3179 571 3234 Tim.
591 3199 617 3250 p.
633 3180 697 3234 55A

254 3375 278 3410 v.
295 3363 308 3410 1
328 3366 436 3425 πρῶτος
455 3357 483 3410 Β
556 3363 588 3411 12
608 3357 638 3412 ἐκ
658 3356 708 3426 μὲν
725 3366 774 3428 τῆς
792 3359 952 3426 ἀνθρώπων
974 3359 1138 3428 (ὁποιασοῦν
1156 3361 1194 3429 Β)

183 3426 254 3494 πρὸς
277 3427 337 3482 ἔνια
360 3430 413 3482 etc.
433 3429 464 3481 X
554 3435 587 3482 14
595 3447 635 3498 sq.
655 3433 762 3499 θερμῆς
783 3427 917 3499 ὑγρασίας
936 3430 968 3498 S,
991 3429 1146 3500 θερμασίας
1164 3431 1195 3484 Χ

185 3503 218 3552 17
237 3495 325 3567 ἤγουν
339 3499 416 3553 omis,
432 3500 460 3552 B
524 3505 557 3553 19
575 3499 731 3567 τριάδοςΒ
794 3507 827 3553 23
847 3503 1000 3570 γωνεῖιυΒ
1064 3509 1098 3556 24
1116 3511 1192 3573 τριχῆ

184 3568 314 3638 λιαστάτη
334 3573 369 3639 Α,
388 3569 591 3640 τρεχιλιαστάτη
611 3573 648 3639 B,
665 3581 744 3642 τριχῆ
763 3570 896 3642 διαοτάτη
915 3571 948 3627 ci.
968 3573 1097 3628 Nokkius
