2530 3988
173 192 238 258 130
456 191 565 245 LIBER
584 189 760 257 QUARTUS.
789 189 902 244 MAIUS

128 365 155 419 X
170 378 279 440 τερος,
312 354 330 420 ὁ
363 351 401 420 δὲ
433 354 561 437 ἀληθὴς
588 353 688 429 αὐτὸς
716 350 822 440 ἑαυτῷ
850 351 886 417 ἐκ
912 353 1048 419 πάντων
1075 363 1186 438 μερῶν

172 457 259 546 ἰσος,
297 461 383 527 ὅπου
419 457 457 526 δὲ
494 459 670 546 στρέφοιτο
702 460 823 535 πάσαις
854 459 993 543 βάσεσιν
1025 458 1185 545 ἀορίστως

171 571 368 655 στηρίζεται,
402 566 419 632 ὃ
453 567 494 650 δὴ
526 566 769 653 τετραγωνικδν
802 575 909 650 σχῆμα
942 565 1107 650 τυγχάνει.
1157 565 1185 629 εἰ

170 678 288 740 τοίνυν
310 682 391 750 νοῦς
412 670 467 738 καὶ
487 676 585 756 λόγος
605 668 691 738 εἶναι
710 670 884 756 δέδεικται,
907 672 1014 759 τούτφ
1036 673 1096 738 τὸν
1114 669 1184 756 κέρ-

143 804 264 848 εκωπα
287 782 564 847 εἰδωλοποιοῦσιν
587 780 781 863 Αἰγύπτιοι,
810 776 881 844 ἐπεὶ
903 779 993 864 παρὰ
1014 779 1124 844 πάντα
1146 778 1183 842 τά

170 892 235 967 ζῶα
257 890 391 972 νοημων
414 887 580 971 τυγχάνει,
604 885 768 963 συνέσεως
790 881 828 951 δὲ
846 883 901 951 καί
920 884 1099 970 ἐπιστήμης
1117 881 1182 950 ἐστὶ

171 995 327 1070 δεκτικός.
364 992 448 1059 ἀλλά
461 994 528 1078 μὴν
541 991 597 1058 καί
615 993 677 1076 την
690 994 880 1076 Αἰγυπτίαν
888 987 979 1077 -ἰβιν,
998 993 1036 1058 τὸ
1055 994 1183 1078 ὄρνεον,

171 1105 267 1184 ἰσμεν
290 1097 510 1184 ἀνακειμένην
532 1099 634 1188 αὐτῷ·
662 1100 784 1187 καρδίη
811 1102 874 1186 γὰρ
903 1102 990 1166 ἔοικε
1016 1100 1180 1165 λευκαινό-

170 1229 273 1291 μενον
295 1203 357 1291 μὲν
378 1208 416 1272 τὸ
436 1218 539 1292 σῶμα,
563 1205 596 1284 ἐξ
615 1204 743 1291 ἀμφοῖν
761 1201 799 1272 δὲ
819 1216 887 1270 τῶν
904 1217 1015 1291 μερῶν
1034 1211 1180 1291 μελαινο-

130 1338 156 1377 ιο
170 1311 263 1398 μένη,
286 1313 367 1399 ὅπερ
391 1311 460 1379 έστί
482 1321 543 1378 τοῦ
564 1314 647 1378 κατὰ
666 1313 820 1378 διάνοιαν
839 1314 943 1394 λόγον
962 1321 1082 1397 σχῆμα·
1104 1309 1181 1397 πρὶν

170 1416 232 1504 μὲν
250 1420 313 1505 γάρ
333 1424 494 1504 λεχθῆναι
513 1419 653 1502 σκότιος,
676 1421 854 1503 λεγόμενος
872 1414 910 1484 δὲ
929 1421 1112 1503 φωτίζεται,
1129 1413 1178 1481 καί

171 1522 287 1611 ῥηθεὶς
310 1526 357 1601 εἰς
380 1520 505 1609 ἀφανὲς
529 1531 661 1610 οἴχεται.
697 1522 852 1610 τρέφεται
874 1519 912 1589 δὲ
934 1525 972 1590 τὸ
995 1528 1080 1604 ζῶον
1096 1523 1179 1608 παρὰ

170 1641 239 1708 τοῖς
261 1630 377 1714 ὕδασι,
404 1632 556 1718 καθάπερ
581 1630 618 1697 έν
640 1630 721 1716 ἡμῖν
743 1630 763 1715 ἡ
788 1632 909 1717 καρδία
937 1630 970 1709 ἐξ
997 1631 1103 1717 ὑγρᾶς
1128 1629 1178 1694 οὐ·

116 1747 167 1802 XS
183 1741 256 1815 σίας
278 1738 340 1821 την
362 1738 508 1823 δύναμιν
530 1739 704 1823 λαμβάνει·
727 1740 812 1822 μόνη
835 1732 874 1802 δὲ
895 1747 1031 1821 πτηνῶν
1051 1735 1179 1802 πάντων
1243 1739 1244 1772 ¹

130 1869 156 1911 ιτ
169 1854 243 1910 νεῖν
265 1843 285 1928 ἡ
311 1839 376 1927 ἶβις
399 1844 460 1909 οὐκ
484 1843 664 1930 ἐπίσταται,
691 1843 917 1930 ἀδρανεστάτη
943 1839 981 1908 δὲ
1004 1845 1052 1921 εἰς
1076 1845 1176 1928 μεῖζον

129 1959 156 2014 Χ
169 1951 277 2036 βάθος
299 1949 537 2035 καδελκομένη.
582 1949 673 2016 τὸδ’
701 1950 782 2016 αὐτὸ
809 1947 864 2016 καί
888 1947 942 2014 ίπί
967 1959 1025 2034 της
1047 1951 1176 2034 καρδίας

168 2054 431 2143 παρατηρητέον·
449 2065 507 2140 της
525 2057 589 2142 γάρ
607 2057 713 2143 ὑγρᾶς
726 2058 854 2133 πόσεως
872 2055 1067 2142 συμμέτρως
1084 2071 1173 2142 προσ-

170 2167 328 2249 αχθείσης
352 2163 552 2249 ῥώννυσθαί
571 2186 607 2228 τε
630 2160 685 2228 καί
710 2173 780 2240 τοῖς
806 2168 976 2248 λογισμοῖς
1002 2164 1173 2248 διεστηρίγ-
1242 2181 1243 2230 λ

170 2277 231 2336 θαι
253 2270 395 2355 πέφυκε,
418 2268 473 2335 καί
496 2279 554 2354 τῆς
577 2266 638 2353 μὲν
662 2271 784 2346 οἰκείας
807 2268 920 2357 ἔδρας,
947 2271 1053 2356 ἤνπερ
1077 2273 1171 2356 φρένα

129 2401 156 2442 ει
169 2381 340 2460 καλοῦσιν,
365 2374 426 2441 οὐκ
450 2374 643 2454 ἐξίστασθαι
666 2374 837 2462 νηφαλέαν
859 2399 894 2442 τε
918 2372 1016 2462 εἶναι,
1039 2377 1171 2460 ὑποβλα-

170 2487 311 2546 σδεῑσαν
334 2477 371 2546 δὲ
394 2492 464 2559 τοῖς
485 2487 628 2568 παλμοίς
649 2484 709 2548 τὸν
727 2484 816 2549 ἰδιον
835 2483 939 2548 σάλον
957 2480 1001 2547 δι’
1025 2484 1106 2549 ὅλου
1121 2488 1171 2546 τοῦ

170 2588 319 2671 σώματος
344 2586 584 2674 ἐξεργάζεσθαι.
620 2590 785 2673 πάσχουσι
808 2584 846 2654 δὲ
868 2598 972 2654 ταῦτα
994 2589 1061 2655 ὑπὸ
1080 2587 1172 2675 μέθης

170 2695 347 2779 ἅνθρωποι
360 2695 420 2759 τὸν
439 2697 584 2782 ἀκρατον
597 2703 655 2779 τῆς
675 2697 762 2772 ἰδίας
779 2696 891 2780 ἰσχύος
904 2699 1171 2783 προτετιμηκότες.

169 2797 224 2865 καί
253 2799 314 2882 την
346 2795 416 2885 ἰβιν
442 2798 481 2867 δὲ
510 2800 566 2867 καί
597 2803 657 2867 τὸν
686 2800 837 2887 κέρκωπα
871 2805 991 2890 σελήνη
1025 2807 1170 2889 συμπαθῆ

129 2931 155 2973 τε
170 2901 256 2972 εἰναι
278 2910 526 2993 προσείκασται·
553 2907 574 2992 ἡ
597 2905 659 2993 μὲν
687 2903 753 2993 ἴβις
775 2909 865 2996 αὐτῷ
892 2917 939 2997 τῷ
967 2913 1106 2996 σχήματι
1126 2908 1169 2993 ἐμ·

169 3015 283 3100 φερης,
306 3014 346 3078 τά
370 3014 453 3098 ἀκρα
476 3009 537 3098 μὲν
560 3014 815 3100 ὀμιχλαίνουσα,
838 3018 1062 3080 λευκαίνουσα
1085 3012 1119 3080 δὲ
1136 3014 1169 3078 τά

240 3281 296 3330 v.2
316 3273 447 3343 ἀορίστου
465 3277 494 3331 Β
566 3278 650 3331 6καί
668 3277 746 3332 omis.
766 3278 794 3332 A
866 3283 901 3332 14
920 3275 962 3333 ὅτι
981 3275 1054 3348 μάνη
1072 3287 1170 3350 πτηνῶν

167 3345 284 3401 πάντων
302 3356 362 3402 νεῖν
380 3347 398 3416 ἡ
418 3347 474 3419 ἰβις
492 3348 544 3403 οἰκ
563 3345 716 3418 ἐπίσταται,
739 3347 831 3404 καίτοι
850 3348 928 3417 παρὰ
946 3358 1005 3412 τοῖς
1022 3348 1106 3406 ὕδασι
1120 3367 1169 3418 τρε-

169 3415 287 3486 φομένη,
306 3416 498 3488 ἀδρανεστάτη
517 3417 549 3474 δὲ
568 3419 608 3482 εἰς
626 3423 719 3489 μεῖζον
737 3419 830 3492 βάθος
845 3419 1038 3490 καδελκομένη
1058 3424 1108 3476 cet.
1122 3421 1167 3474 des.

169 3487 192 3542 S
248 3493 282 3541 20
301 3488 463 3558 νηφαλαίαν
476 3491 512 3560 Α,
532 3489 689 3560 νηγαλαίαν
703 3492 731 3545 Β
747 3495 751 3562 Ι
766 3493 976 3564 δτιοβληθεῑσαν
994 3493 1023 3546 Β
1082 3499 1113 3547 21
1129 3491 1167 3546 καί

168 3566 228 3620 τοῖς
245 3562 363 3628 παλμοῑς
377 3561 416 3632 Χ,
434 3560 465 3616 δὲ
483 3577 534 3632 pro
552 3564 602 3617 καλ
620 3563 727 3619 emend.
746 3563 849 3618 Hasius
923 3568 956 3618 23
974 3563 1037 3636 τὸν]
1056 3563 1129 3618 τὸΒ
1239 3627 1240 3689 η
