2530 3988
322 207 432 262 LIBER
450 206 627 272 QUARTUS.
657 207 825 264 OOTOBER
1018 210 1082 274 163

74 368 217 455 ἁρπαγὴν
248 376 481 455 μυθολογοῦσι
512 379 570 455 τῇς
599 373 726 457 Κόρης·
758 372 825 439 ἐκεῖ
856 375 920 458 χολρ
953 371 1083 457 λέγεται
1097 385 1123 439 X

71 488 197 563 πρῶτον
221 480 316 543 σίτου
339 475 469 563 σπέρμα
489 481 750 563 καταβληθῇναι.

22 592 136 648 RrIV86
161 583 233 649 138.
261 588 307 671 Τῇ
325 583 455 670 πέμπτη
478 595 539 651 τοῦ
557 583 759 672 Ὀκτωβρίου
781 587 886 671 μηνὸς
910 587 943 650 ολ
967 587 1084 672 ρεχεω-
1099 600 1179 657 XRS

70 690 184 775 νόρχαι
212 688 269 755 καλ
299 692 541 776 σεβασσοφόροι
573 690 731 777 ἐχόρευον
763 691 801 757 ἐν
827 700 875 780 τῷ
903 696 1081 781 Γουστείφ,

70 786 140 861 οἷον
159 797 259 884 ἐντῷ
278 797 484 885 όφοπωλείφ,
503 800 550 875 εἰς
568 799 669 882 σιμὴν
691 802 858 884 Τιβερίου·
881 800 941 864 τὸν
960 795 997 864 δὲ
1015 824 1083 865 τοι·
1109 829 1122 869 5

70 911 167 967 οῦτον
196 904 300 968 κόπον
329 913 394 969 νῦν
427 906 459 970 ολ
493 905 622 970 ἰδιῶται
649 903 881 987 Αὐχουσκεῑον
912 911 1082 972 καλοῦσιν.

69 1010 115 1084 εἰς
143 1012 180 1075 τὸ
214 1011 360 1075 ἄσκοπον
390 1019 448 1094 τῇς
474 1012 618 1096 Δάφνης
650 1012 697 1086 είς
728 1011 790 1094 τὴν
822 1013 944 1096 μικρὰν
976 1012 1083 1096 αὐλὴν

68 1118 319 1193 Κωυσταντῑνος
342 1115 360 1182 ὁ
380 1116 496 1200 Μέγας
515 1119 631 1201 ἔστησε
654 1120 778 1201 στήλην
801 1126 859 1200 τῇς
880 1116 999 1184 ἑαυτοῦ
1022 1144 1083 1203 μη-

67 1225 151 1306 τρός,
174 1222 207 1302 ἐξ
230 1218 269 1306 ἧς
293 1223 443 1308 ὠνόμασε
466 1225 526 1290 τὸν
547 1226 652 1290 τόπον
675 1223 914 1306 Αὐγουσκεῑον.

22 1347 50 1395 87
133 1330 205 1394 139.
233 1334 279 1416 Τῇ
302 1332 366 1416 πρὸ
395 1340 472 1416 μιᾶς
494 1335 627 1397 Νωνῶν
647 1328 854 1414 Ὀκτωβρίων
876 1331 1082 1419 ὁΔημόκρι-
1096 1347 1122 1400 X

67 1459 120 1513 τος
142 1439 221 1514 τοὺς
245 1437 383 1523 ἐρίφους
405 1437 555 1523 ἀνίσχειν
576 1436 632 1503 καὶ
655 1441 785 1524 βορρᾶν
802 1448 900 1503 πνεῖν
919 1439 1081 1524 διῖσχυρί-
1095 1471 1121 1509 11

66 1546 161 1627 ζεται,
183 1544 202 1610 ὁ
222 1540 259 1609 δὲ
277 1542 427 1622 Εὔδοξος
445 1545 588 1610 δύεσθαι
606 1545 644 1609 τὸ
666 1544 770 1629 μέσον
788 1553 849 1609 τοῦ
867 1554 965 1629 κριοῦ
984 1543 1081 1628 λέγει.

65 1651 200 1727 Νώναις
216 1648 431 1737 Ὀκτωβρίαις
454 1651 472 1716 ὁ
496 1653 640 1738 Βάρρων
665 1650 702 1716 ἐν
730 1649 851 1737 ἑσπέρᾳ
877 1652 936 1727 τὰς
962 1653 1081 1718 Πλειά-

66 1758 124 1834 δας
146 1755 296 1842 ἀνίσχειν
317 1756 373 1822 καὶ
401 1757 546 1843 ζέφυρον
572 1768 686 1840 πνεῖν,
714 1753 785 1823 εἶτα
811 1754 867 1822 καὶ
895 1760 972 1841 λίβα
999 1779 1080 1844 προ-

65 1863 161 1947 λέχει.
1095 1897 1121 1937 15

22 1986 48 2034 88
133 1971 205 2035 140.
229 1969 315 2056 Περὶ
337 1980 399 2037 τοῦ
422 1973 579 2057 δουρείου
603 1971 707 2036 ἵππου
730 1970 748 2036 ὁ
771 1971 953 2057 Εὐφορίων
977 1969 1081 2056 φησὶν

64 2083 183 2143 πλοῖον
196 2077 355 2160 γενέσθαι
371 2089 441 2154 τοῖς
451 2076 741 2161 ἝλλησινἽππον
760 2081 955 2163 λεγόμενον·
973 2077 1081 2164 ἕτεροι

65 2183 105 2248 δέ
125 2200 228 2268 φασιν
250 2185 362 2267 πύλην
384 2182 543 2267 γενέσθαι
571 2184 658 2251 οὕτω
684 2182 1020 2270 προσαγορευομένην
1045 2183 1081 2249 ἐν

64 2301 101 2377 τῇ
130 2293 243 2378 Τροίφ,
267 2288 310 2355 δι’
332 2285 372 2373 ἧς
395 2293 556 2374 εἰσῆλθον
579 2293 611 2357 ολ
625 2290 792 2376 Ἕλληνες.

134 2538 159 2573 v.
175 2524 210 2572 10
228 2520 257 2572 et
277 2524 309 2572 12
326 2518 503 2574 Democritus
523 2522 552 2573 et
565 2520 698 2574 Eudoxus
711 2519 781 2574 ibid.
795 2538 836 2574 nr.
853 2526 887 2574 24
944 2525 977 2573 13
990 2519 1080 2574 Varro

63 2587 133 2715 iffi
150 2594 254 2730 {3219389
268 2608 309 2645 nr.
326 2596 360 2644 25
451 2595 484 2644 16
503 2590 646 2661 Euphorio
669 2591 722 2662 frg.
738 2590 823 2660 CXX,
847 2589 978 2646 Meineke
997 2591 1079 2646 Anal.

133 2893 159 2930 v.
175 2880 191 2928 3
209 2882 242 2946 πη
261 2872 370 2947 πέμπτη
384 2908 420 2917 -
435 2883 450 2930 9
465 2877 650 2947 Λόγουοτεῑον
665 2877 693 2930 R
705 2875 724 2930 f.
741 2882 780 2946 1',
800 2876 857 2930 XS
870 2879 899 2930 et
912 2875 1079 2930 Lambeoius

63 2944 92 2999 in
116 2945 371 3015 Codinump.155
393 2965 434 3002 nr.
450 2953 484 3000 32
508 2947 539 3001 in
561 2946 672 3001 brevius
695 2949 842 3001 contracta
865 2948 935 3001 haec
957 2947 1078 3002 habent:

64 3014 105 3072 ότι
125 3016 214 3088 (omis.
234 3018 266 3071 X
281 3017 390 3088 Lamb.)
414 3018 444 3073 ἐν
466 3027 504 3073 τῶ
523 3016 645 3144 βουστίω
669 3016 812 3089 (χουσνείω
830 3018 939 3088 Lamb.)
963 3014 1025 3072 οἷον
1048 3017 1080 3072 ἐν

64 3088 104 3156 (ἐν
123 3087 202 3143 omis,
221 3088 330 3160 Lamb.)
348 3099 386 3144 τῶ
405 3089 522 3159 ὀψοπωλ
535 3109 556 3142 ω
573 3087 704 3160 ἐχόρευον
718 3089 745 3143 οὶ
760 3086 962 3160 σεβασκοφόροι
975 3097 1009 3158 τῇ
1023 3087 1078 3156 πρὸ

63 3171 147 3229 τριῶν
165 3170 263 3215 νωνῶν
282 3158 436 3231 ὀκτοβρίων
455 3161 494 3223 είς
512 3160 595 3230 τιμὴν
613 3157 736 3242 σιβερίου
755 3161 805 3230 (εἰς
818 3159 901 3229 τιμὴν
913 3157 1037 3231 σιβερίου
1051 3159 1079 3213 ολ

55 3229 715 3375 4λὲβὶἵῖλ-λῗλἰίίίλλ’ἵ’ἰ«ἷῖιιλιῖἶ’ω.ἷί“ἰλῖἓίῗῗλῗ
734 3229 1078 3374 ἶίιλιῖἶξῖβὲἷωλλλλῗ

64 3385 165 3430 στιῶνιι
180 3374 215 3428 al.
236 3375 417 3446 αόηουσκεῑου
430 3375 539 3446 Lamb.)
553 3378 693 3430 καλοῦσιν.
768 3380 782 3426 7
803 3372 940 3428 ἄσκεπτον
954 3374 991 3441 R,
1009 3390 1077 3428 corr.

64 3444 135 3500 Treu
214 3451 246 3498 11
265 3445 316 3509 τὰς
339 3444 455 3515 ἐρίφους
473 3447 516 3514 Χ,
540 3463 609 3500 corr.
629 3446 672 3500 Rr
744 3450 778 3498 16
802 3440 960 3514 ὁἜφορος
986 3443 1020 3500 ei.
1044 3445 1077 3499 A.

64 3515 185 3586 Becker,
207 3515 310 3572 Philol.
329 3517 368 3571 IV
388 3536 414 3587 p.
430 3523 483 3571 489
557 3523 591 3572 18
609 3515 641 3572 δὲ
660 3515 738 3571 omis.
758 3517 785 3570 A
802 3513 903 3584 Ιπόλιυ
922 3517 964 3584 Χ,
987 3515 1079 3585 πύλην

65 3604 131 3644 corr.
150 3588 226 3642 Hase
242 3587 246 3660 Ι
263 3585 397 3659 γενέσθαι
416 3587 504 3644 ἵππου
523 3587 595 3643 οὕτω
615 3589 642 3642 Β

865 3677 918 3730 11*
