2556 3996
182 205 224 268 14
558 204 668 259 LIBER
686 204 824 258 PRIMUS

72 375 249 432 XYCedren.
260 366 431 453 Ῥωμαίοις
440 371 615 453 ματρίκιον
626 369 663 432 τὸ
673 369 782 432 πλατὺ
792 364 846 432 καὶ
860 369 949 451 παχὺ
964 366 1079 445 ξύλον·
1093 368 1123 432 οἱ
1132 369 1206 452 γάρ
1268 432 1273 481 η

180 473 311 562 ἀρχαῖοι
335 475 448 554 ξύλοις
470 474 525 541 καὶ
550 481 681 561 φλοιοῖς
702 473 758 540 καὶ
778 477 969 560 φιλυρίνοις
987 473 1100 553 πίναξι
1117 475 1207 560 πρὸς

73 589 187 647 Cedren.
198 584 332 669 γραφὴν
360 582 544 670 ἐκέχρηντο.
589 579 659 647 ἐστὶ
682 578 797 647 δὲκαὶ
822 579 916 658 σανὶς
939 584 1115 666 φιλυρίνη,
1143 578 1200 664 ἐφ’

178 684 218 772 ἧς
240 691 281 755 τά
305 689 433 775 βήματα
455 698 513 772 τῆς
537 687 731 773 ἐλευθερίας
755 694 855 753 είωῦε
873 688 1075 773 γράφεσθαι.
1111 689 1205 752 τιλία
1271 736 1275 753 .

153 792 218 860 τδὲ
244 797 334 882 παρά
357 806 426 873 τοῖς
453 797 567 873 αὐτοῖς
588 795 609 879 ἡ
634 795 761 881 φιλύρα
783 795 821 860 τὸ
845 793 961 872 ξύλον·
990 794 1074 860 ὅθεν
1100 791 1205 870 κῶδιξ
1270 822 1275 896 η

179 903 218 967 τὸ
241 905 383 986 βιβλίον.
428 901 529 982 κῶύιξ
563 899 600 967 δὲ
630 905 754 989 κυρίως
784 901 802 967 ὁ
831 901 949 986 φιτρὸς
978 898 1055 985 παρ’
1087 899 1207 977 αὐτοῖς
1272 915 1276 943 ·’

179 1015 341 1092 καλεῖται,
369 1007 425 1074 καὶ
455 1012 549 1095 λίβερ
579 1009 617 1075 τὸ
647 1011 789 1093 βιβλίον.
845 1010 937 1093 λίβερ
971 1003 1008 1073 δὲ
1036 1006 1054 1074 ὁ
1083 1009 1206 1091 φλοιός
1272 1030 1276 1061 =

180 1114 250 1180 ἐστι
276 1119 412 1201 κυρίως·
445 1114 630 1181 ταῦτακαὶ
658 1118 848 1200 ματρίκιον,
879 1112 936 1179 καὶ
963 1116 1207 1199 ματρικαρίους

140 1234 166 1288 Χ
179 1223 258 1298 τοὺς
281 1220 485 1309 ξυλουργοὺς
508 1227 678 1288 καλοῦσιν.
720 1222 804 1287 ὅθεν
823 1223 871 1286 ἔτι
889 1219 945 1285 καὶ
963 1229 1029 1285 νῦν
1047 1221 1112 1304 πρὸ
1133 1231 1206 1284 τῶν
1275 1226 1276 1306 J

140 1349 166 1388 ω
179 1327 316 1393 ὑπάτων
334 1328 524 1416 ἐπιφέρεται
540 1329 560 1395 ὁ
576 1332 754 1414 λεγόμενος
771 1337 832 1393 τοῦ
851 1330 1040 1414 πραίτωρος
1058 1329 1205 1411 σκρίβας.

117 1436 290 1523 ΒῩχρόνω
313 1432 351 1501 δὲ
373 1435 515 1520 ὕστερον
534 1435 551 1501 ὁ
571 1439 778 1520 Πτολεμαῖος
802 1434 1090 1518 συμβουλεύοντος
1110 1433 1205 1521 αὐτῷ
1276 1458 1277 1513 3

175 1539 393 1627 Ἀριστάρχου
411 1552 472 1608 τοῦ
491 1551 719 1627 γραμματικοῦ
733 1542 794 1624 τὴν
804 1539 972 1624 Ῥωμαίων
985 1540 1205 1606 ἀσπάσασθαι
1276 1522 1277 1583 5

179 1651 385 1733 προστασίαν
406 1659 537 1733 πρῶτος
557 1649 682 1735 χάρτην
700 1646 896 1722 ἀποστείλας
914 1646 976 1729 τὴν
991 1644 1117 1730 Ῥώμην
1136 1645 1205 1724 ἐξέ-
1272 1706 1276 1721 ,

179 1770 281 1819 νισεν.
319 1755 602 1838 ἀντευῦοκιμεῑται
622 1750 659 1819 δὲ
678 1754 766 1839 ὅμως
788 1755 956 1839 παράτοῦ
975 1757 1205 1837 Περγαμηνοῦ
1274 1824 1275 1835 ¹

140 1888 166 1930 15
175 1857 349 1944 Ἀττάλου,
374 1862 546 1947 Κράτητος
570 1870 631 1926 τοῦ
655 1868 884 1946 γραμματικοῦ
908 1857 1119 1942 ἡγησαμένου
1143 1869 1205 1942 τῆς

180 1969 329 2052 σπουδῆς
350 1969 435 2054 πρὸς
454 1970 527 2054 ἔριν
545 1966 764 2053 Ἀριστάρχου
788 1976 849 2032 τοῦ
868 1964 1063 2048 ἀντιτέχνου
1082 1965 1204 2032 αὐτοῦ·
1275 2025 1276 2040 ,

180 2073 325 2160 δέρματα
334 2077 397 2160 γάρ
408 2076 448 2140 τά
462 2074 498 2140 ἐκ
512 2076 690 2161 προβάτων
704 2071 864 2152 ἀποξύσας
879 2074 927 2148 είς
940 2073 1062 2138 λεπτὸν
1075 2073 1204 2139 ἔστειλε

75 2269 79 2274 η
179 2193 249 2258 τοῖς
263 2182 435 2266 Ῥωμαίοις
457 2183 497 2247 τά
520 2185 682 2266 λεγόμενα
705 2179 781 2267 παρ’
806 2179 919 2256 αὐτοῖς
941 2178 1128 2264 μέμβρανα·
1152 2181 1204 2258 είς

179 2291 312 2374 μνήμην
335 2285 372 2354 δὲ
390 2298 451 2354 τοῦ
475 2287 731 2366 ἀποστείλαντος
755 2290 803 2353 ἔτι
827 2284 882 2352 καὶ
904 2295 969 2351 νῦν
987 2285 1140 2371 Ῥωμαῖοι
1159 2289 1202 2352 τά

141 2420 167 2460 ιο
181 2394 353 2481 με’μβρανα
367 2397 573 2480 Περγαμηνά
591 2402 760 2461 καλοῦσιν.
1276 2460 1278 2465 ,

140 2516 164 2568 Χ
246 2503 298 2567 29.
312 2501 436 2568 Ἰστέον
459 2498 496 2567 δὲ
510 2501 680 2585 Ῥωμαίοις
698 2503 736 2565 τὸ
760 2509 887 2566 κανοῦν
907 2498 960 2565 ἐπὶ
979 2495 1042 2584 μὲν
1062 2509 1129 2563 τῶν
1143 2509 1246 2579 RrI,25

181 2610 280 2695 ἱερῶν
304 2608 486 2694 σατούραν,
517 2606 570 2673 ἐπὶ
594 2604 631 2673 δὲ
654 2618 722 2673 τῶν
746 2606 894 2690 εὐωχιῶν
918 2604 1131 2692 ἐπουλαρίαν,
1155 2605 1200 2688 ἣν
1276 2686 1278 2697 ,

179 2715 368 2802 ἀπαλαρίαν
404 2716 436 2780 οἱ
471 2712 590 2780 πολλοὶ
628 2712 660 2791 ἐξ
697 2713 835 2796 ἀγνοίας
869 2713 1198 2800 προσαγορεύουσιν·
1276 2738 1278 2813 η

179 2821 322 2900 ἐπούλας
344 2824 407 2906 γὰρ
431 2822 488 2897 τάς
511 2820 650 2905 εὐωχίας
668 2819 837 2905 Ῥωμαίοις
860 2822 941 2896 ἔθος
962 2825 1086 2885 καλεῖν.

250 3104 274 3139 ν.
295 3090 309 3137 1
330 3083 485 3153 ματράκιον
503 3084 534 3138 τὸ
552 3085 629 3154 παχύ
648 3084 697 3138 καὶ
714 3084 804 3137 πλατύ
823 3083 851 3135 Β
878 3080 1025 3152 ματρίκιον
1047 3082 1080 3137 τὸ
1103 3084 1192 3137 πλατύ
1277 3126 1278 3131 ,

179 3157 261 3223 ξύλον
284 3157 334 3210 καλ
355 3155 431 3226 παχύ
455 3155 596 3223 cedreni!
623 3154 650 3208 οὶ
668 3154 721 3225 γὰρ
737 3186 770 3195 -
786 3159 802 3206 3
820 3153 1013 3224 προσγράφοις
1036 3151 1191 3236 ἐκέχρηντο.

179 3228 235 3283 ἐστὶ
261 3224 292 3282 δὲ
307 3259 340 3268 -
356 3233 372 3281 9
391 3231 531 3282 καλοῦσιν.
551 3225 665 3281 Cedren.
688 3228 692 3296 Ι
715 3223 758 3280 ὅτι
784 3225 811 3279 ol
837 3223 887 3293 μὲν
905 3225 1018 3296 ἀρχαῖοι
1041 3224 1143 3296 inclpit
1170 3227 1197 3280 Y

179 3296 371 3369 λφελυρίνοις
388 3299 424 3366 Α,
443 3294 604 3368 φιλνρίναις
622 3298 650 3350 Β
722 3302 738 3349 9
758 3295 872 3351 ὅθεν-
883 3303 916 3350 10
935 3295 1051 3369 σκρίβας
1069 3297 1148 3352 omis.
1168 3299 1196 3351 Y

180 3377 214 3424 10
232 3368 384 3440 πραίτορος
397 3371 425 3423 Β
511 3375 543 3422 11
563 3365 654 3438 χρόνω
664 3399 699 3407 -
709 3372 743 3420 20
753 3371 886 3423 καλοῦσιν
899 3385 956 3421 non
970 3368 997 3421 1ο
1037 3371 1104 3422 ntur
1117 3368 1148 3420 in
1158 3369 1192 3438 A,

179 3441 259 3496 uncis
280 3441 396 3496 seclusit
414 3442 450 3510 B,
468 3442 534 3510 post
552 3442 684 3494 καλοῦσιν
702 3437 790 3492 habet
803 3440 1001 3507 πτολεμαῑοςῦ
1029 3439 1130 3509 ἐφεῦρε
1143 3440 1192 3495 τὸν

180 3512 284 3584 χάρτην
303 3514 335 3568 Χ
424 3520 457 3567 12
475 3521 526 3567 τοῦ
540 3511 619 3568 omis.
634 3512 664 3565 D
755 3516 789 3564 14
808 3509 898 3583 παρὰ]
915 3510 981 3580 περὶ
998 3511 1029 3564 D
1049 3511 1120 3580 πρὸς
1134 3511 1165 3565 F
1169 3512 1193 3568 G

181 3591 215 3638 20
234 3586 365 3640 καλοῦσιν
388 3585 506 3654 reliqua.
541 3583 627 3638 huius
647 3581 714 3636 libri
737 3581 816 3637 omis.
840 3583 869 3636 Y
