2556 3996
326 194 435 248 LIBER
453 193 630 260 QUARTUS.
657 197 818 253 MARTIUS
1038 201 1079 264 91

60 356 112 442 τῷ
149 355 339 444 καλουμένῳ
370 361 484 446 τελείῳ
517 357 598 442 φησὶ
628 362 707 437 τοὺς
734 358 796 446 μὲν
823 365 988 448 τιμωροὺς
1015 373 1115 430 τῶνε

60 464 238 546 δαιμόνων
268 463 305 528 ἐν
335 464 417 550 αὐτῇ
447 475 486 551 τῇ
508 465 577 552 ἀίλη
605 470 772 552 παρόντας
798 477 1016 555 τιμωρεῖσθαι
1043 471 1080 536 τὸ

60 569 283 656 ἀνθρώπειον
312 568 381 635 κατ’
408 569 519 656 ἀξίαν,
550 575 630 649 τοὺς
658 569 695 638 66
721 576 944 659 καθαρτικοὺς
972 573 1009 639 έν
1036 584 1080 663 τᾷ

60 675 143 761 ἀέρι
165 679 353 759 πεπηγότας
380 679 438 755 τάς
464 680 572 763 ψυχάς
599 680 680 763 μετὰ
708 681 859 745 θάνατον
889 679 1082 766 ἀνατρέχειν

59 782 273 868 πειρωμένας
304 783 547 869 ἀποκαθαίρειν
582 785 658 872 περὶ
697 788 755 863 τάς
791 788 987 871 χαλαζώόεις
1027 785 1082 851 καὶ
1109 813 1121 853 ι

59 891 233 974 πυρώδεις
260 899 321 955 τοῦ
344 889 440 977 ἀέρος
468 894 585 974 ζώνας,
614 893 652 968 ἀς
680 895 712 959 ol
739 891 873 978 ποιηταί
900 891 955 958 καὶ
982 893 1083 970 αὐτὸς

62 995 81 1059 6
108 998 255 1061 Πλάτων
278 996 315 1061 έν
338 999 488 1063 Φαίδωνι
512 1000 683 1085 Τάρταρον
705 999 1082 1087 καλ’Πυριφλεγέθοντα

61 1101 280 1186 ὀνομάζουσι·
309 1106 388 1180 τοὺς
418 1101 456 1170 δὲ
483 1107 687 1191 σωτηρικοὺς
713 1107 797 1192 πρὸς
824 1115 870 1194 τῷ
900 1113 1083 1195 σεληνιακῷ

62 1209 163 1296 χώρῳ
186 1209 405 1293 τεταγμένους
428 1211 610 1290 ἀποσώζειν
632 1215 690 1288 τὰς
712 1214 828 1302 ψυχάς.
1109 1241 1122 1280 ο

398 1476 399 1480 ,
492 1419 655 1494 Μάρτιος.
1096 1423 1122 1475 X

12 1537 91 1595 deest
99 1541 141 1594 Rr
174 1530 226 1594 33.
254 1531 320 1596 Τὸν
347 1532 518 1617 Μάρτιον,
546 1534 635 1596 καθὰ
662 1531 717 1596 καὶ
745 1542 843 1598 τοῦτο
871 1531 1122 1619 προείπομεν,Ἠ

63 1637 173 1724 ἀρχὴν
207 1637 362 1702 ἐνιαυτοῦ
394 1637 545 1721 ἐνόμιζον
577 1639 610 1704 οἱ
635 1638 801 1723 Ῥωμαῖοι·
833 1639 1016 1704 ἀνετίθουν
1044 1636 1083 1704 66

63 1744 171 1809 αὐτὸν
194 1751 240 1832 τῷ
253 1742 359 1830 ’Ἁρεν
383 1739 481 1820 οὗτος
504 1740 541 1809 66
564 1747 727 1831 πρότερον
747 1749 934 1831 Ζεφυρίτης
955 1746 1083 1830 ὠνομά-

63 1855 137 1930 ζετο
160 1849 216 1915 καὶ
240 1855 383 1935 Πρῖμος·
407 1851 425 1916 6
449 1853 512 1937 γάρ
536 1853 597 1935 τὴν
611 1850 737 1936 Ῥώμην
759 1856 872 1929 κτίσας
886 1852 1005 1935 Ῥῶμος
1027 1850 1082 1917 καὶ

62 1956 203 2042 τέμενος
225 1966 286 2022 τοῦ
300 1957 417 2042 ’Ἁρεος
441 1957 478 2023 ἐν
501 1958 583 2044 αὐτῇ
607 1951 663 2046 τῷ
676 1957 767 2043 μηνὶ,
779 1959 884 2046 τούτῳ
903 1958 1084 2044 ἀπαρτίσας
1099 1983 1124 2024 ιε

61 2067 226 2150 Μαρτίου
255 2063 361 2147 αὐτὴν
390 2067 636 2149 μετωνόμασεν,
668 2065 840 2131 τουτέστιν
858 2064 975 2150 ’Ἄρεος
1002 2066 1084 2129 κατὰ

62 2171 129 2254 τὴν
151 2171 294 2256 πάτριον
318 2170 446 2236 ἐκείνου
470 2174 596 2255 φωνήν.

17 2283 139 2341 erV27
157 2277 210 2341 34.
235 2277 277 2341 Ol
295 2281 438 2360 μυθικοί
455 2292 572 2361 φασιν·
596 2279 614 2344 6
636 2280 722 2355 Ζεὺς
740 2279 917 2343 συνελθὼν
935 2288 973 2363 τῇ
988 2277 1084 2342 ἀδελ·
1097 2287 1123 2340 X

65 2393 113 2470 φῇ
135 2381 225 2469 Ἥρᾳ
252 2386 362 2449 ἔτεκεν
381 2381 493 2470 Ἄρεα,
524 2383 628 2449 οἱονεὶ
658 2385 676 2450 6
706 2385 809 2471 αίθηρ
838 2386 1084 2468 σνναπτόμενος

63 2499 113 2579 τῷ
138 2488 211 2576 ἀέρι
230 2489 408 2574 ἀποθλίβει
426 2491 463 2555 τὸ
483 2489 598 2577 ἀέριον
615 2501 692 2577 πῦρ.
729 2493 761 2556 οἱ
781 2487 817 2556 66
837 2489 1085 2577 φυσικοὶ”Αρεα
1098 2517 1125 2556 20

65 2594 130 2682 μὲν
154 2596 215 2681 οὐχ
238 2597 282 2674 ὡς
305 2597 338 2662 οἱ
360 2609 596 2682 γραμματικῶν
618 2599 734 2674 παῖδες
757 2596 868 2682 ἕκτης
887 2595 1085 2683 άρσεωςκαλ

65 2702 269 2789 ἀναιρέσεως
301 2703 404 2768 αὐτὸν
436 2704 672 2788 ὀνομασθῆναί
700 2721 820 2789 φασιν,
853 2703 925 2770 ἀλλ’
959 2703 994 2769 ἐκ
1025 2713 1085 2769 τοῦ

68 2809 209 2896 ἀρήγειν
231 2807 286 2874 καὶ
314 2812 561 2894 συλλαμβάνειν
588 2822 658 2887 τοῖς
685 2812 767 2875 κατὰ
795 2814 874 2894 βίαν
900 2808 956 2875 καὶ
978 2811 1086 2894 μάχην

67 2917 324 3000 συμπτώμασιν,
356 2915 376 2998 ἢ
407 2917 451 2991 ὡς
479 2915 636 3000 ἀρκτικὸν
667 2914 722 2982 καί
754 2921 936 3000 μεταβολῆς
964 2922 1085 2982 αίτιον·
1100 2942 1128 2982 ιι

68 3024 203 3088 διδόασι
217 3018 254 3086 δὲ
269 3021 358 3110 αὐτῷ
371 3021 492 3106 ὕψωμα
511 3023 572 3088 τὸν
586 3026 788 3108 Αἰγόκερων.
826 3024 876 3089 ὅτι
894 3024 954 3087 τὸν
969 3024 1064 3107 Μάρ-
1079 3033 1192 3088 Oodren.

140 3179 165 3215 v,
182 3166 196 3214 τ
215 3160 298 3215 Plato
316 3161 421 3216 Phaed.
440 3161 567 3230 p.113B

139 3304 165 3340 v.
182 3292 216 3338 14
234 3286 283 3340 καί
300 3283 403 3354 πρίμος
416 3316 451 3326 -
467 3291 499 3340 17
520 3283 619 3354 φωνὴν
639 3283 680 3338 ‘in
702 3283 760 3337 ima
782 3283 888 3354 pagina,
910 3283 1022 3338 addidit
1038 3287 1088 3338 aut

70 3357 170 3412 eadem
187 3359 238 3410 aut
251 3355 396 3410 simillima
409 3374 509 3410 manus
522 3358 622 3424 postea
637 3354 746 3409 diverso
761 3356 930 3409 assramento'
941 3356 981 3423 H,
1001 3355 1087 3409 adno-

72 3427 145 3483 tavit
163 3427 270 3482 Usener
343 3433 376 3482 16
395 3426 510 3496 μάρτιος
529 3427 586 3480 ἀπὸ
609 3435 659 3480 τοῦ
683 3425 780 3494 ἀρεως.
817 3423 922 3494 μάρτεμ
945 3425 998 3516 γάρ
1018 3444 1088 3495 φασι

71 3500 121 3555 τόν
139 3497 220 3569 ἀρην,
258 3497 405 3554 ἀνάκειται
424 3495 475 3553 οὖν
492 3507 530 3552 τῶ
554 3497 616 3565 ἀρει
639 3499 667 3551 Υ
756 3501 789 3551 25
809 3494 962 3567 αἰγόκερων
980 3517 998 3567 η
1018 3497 1089 3567 ἄρεα

71 3570 120 3626 τὸν
137 3568 206 3639 παρ’
224 3567 350 3639 ἀρρένων
365 3603 398 3610 -
413 3589 440 3640 p.
456 3575 525 3638 923
545 3567 715 3637 μάρνασθαι.
753 3568 769 3622 6
788 3567 858 3637 ἀρης
874 3571 977 3638 χαλκοῦ
992 3571 1028 3639 (p.
1045 3575 1088 3639 92,
