2556 3996
448 217 557 271 LIBER
575 215 697 271 ALTER
1038 215 1080 278 31

73 381 144 446 τάδι
170 382 417 467 κυκλοφορικὴν
443 380 578 463 οὐσίαν,
606 378 639 457 ἐξ
662 371 701 462 ἧς
728 395 834 463 φασιν
861 377 1082 462 άποτελεσθη-
1096 387 1153 442 ΧΥ

72 511 125 551 ναι
147 489 204 554 τὸν
232 489 379 574 οὐρανὸν
405 489 488 553 κατά
511 488 571 552 τὸν
593 484 833 571 Ἀριστοτέλην.
873 485 894 568 ἡ
918 488 982 571 γὰρ
1004 509 1082 551 πεν-
1096 495 1123 549 Y

71 594 126 668 τάς
153 597 391 679 παραλαβοῦσα
425 594 487 676 την
518 593 659 678 τετράδα
691 592 773 676 ὕλης
805 594 909 674 λόγον
939 594 1083 688 ἔχουσαν

70 702 191 784 τρόπον
213 702 289 766 τινὰ
312 698 367 766 καί
389 700 610 784 ὑποκείμενον
627 709 699 776 τοῖς
718 697 750 776 ἐξ
770 699 872 783 αὐτῆς
890 698 1082 784 φυομένοις,

69 806 186 890 ηὔξησέ
208 831 243 873 τε
266 806 371 892 αὐτὴν
393 805 449 872 καὶ
471 810 662 892 προήγαγεν
676 805 731 872 ἐπὶ
749 808 811 891 τὴν
829 806 894 872 ἀπὸ
912 816 970 890 τῆς
984 804 1082 889 αὐξη-
1109 827 1121 867 ε

71 929 150 990 σεως
171 916 310 980 αἰώνιον
333 914 572 997 άνακόκλησιν·
595 915 760 998 μεθόριον
782 915 847 1000 γὰρ
865 923 924 998 της
943 913 1082 989 δεκάδος

68 1019 124 1084 καὶ
142 1022 183 1098 ὡς
202 1020 245 1087 δν
263 1022 405 1086 εἴδωλόν
428 1019 496 1086 ἐστι
520 1029 578 1102 τῆς
599 1029 714 1104 κοινῆς
737 1023 940 1104 τελειότητος
962 1019 982 1102 ἡ
1005 1040 1083 1084 πεν-

69 1128 134 1204 τάς.
177 1126 233 1193 καί
258 1128 471 1212 πλανώμενοι
497 1128 585 1210 πλην
611 1126 710 1210 ἡλίου
732 1124 788 1191 καί
813 1129 953 1211 σελήνης
974 1124 1082 1209 πέντε,

69 1231 122 1298 καὶ
148 1235 263 1302 κύκλοι
295 1233 333 1299 έν
365 1236 491 1320 σφαίρᾳ
522 1231 620 1298 πέντε
652 1231 715 1320 καί,
740 1236 839 1312 ζῶναι
866 1232 972 1298 πέντε.
1023 1241 1080 1315 της
1094 1243 1143 1298 YS

69 1337 106 1404 δὲ
119 1343 305 1425 αίσθήσεως
318 1339 447 1423 λέγεται
461 1339 665 1425 δημιουργὸς
682 1341 772 1424 παρά
791 1351 863 1416 τοῖς
881 1341 1082 1423 φιλοσόφοις
1095 1359 1122 1398 10

68 1446 194 1524 ὁΖεδς
220 1445 276 1513 καί
304 1448 391 1522 εἰκὸς
419 1441 462 1530 ἦν
490 1445 579 1532 αὐτῷ
605 1446 668 1528 την
697 1447 844 1511 πεντάδα
866 1446 949 1510 κατά
976 1446 1083 1529 φύσιν
1149 1454 1153 1505 ζ

67 1554 174 1638 ὥσπερ
198 1552 415 1636 ἀνατεθῆναι·
435 1552 597 1635 συγγενὴς
615 1553 679 1638 γάρ
693 1551 713 1635 η
727 1553 848 1628 πεντάς
862 1561 901 1637 τῇ
916 1554 1082 1637 αίσθησει,

67 1659 138 1740 ἥτις
158 1663 327 1742 πενταχῶς
353 1657 516 1742 τέμνεται,
543 1659 591 1733 εἰς
618 1658 738 1744 ὅρασιν
760 1658 865 1742 ἄκρην
887 1670 1005 1741 γεῦσιν
1027 1664 1082 1728 δσ-

68 1784 191 1851 φρησιν
221 1762 278 1831 καὶ
309 1765 409 1850 άφην.
459 1763 514 1830 καί
544 1765 681 1852 τούτουΙ
698 1767 797 1851 χάριν
828 1767 847 1832 ὁ
875 1771 1082 1854 Πυθαγόρας

68 1872 258 1958 Εἱμαρμένη
281 1873 341 1937 τὸν
358 1871 456 1937 πέντε
479 1871 627 1958 ἀριθμὸν
649 1872 851 1939 ἀνακεῖσθαί
872 1891 987 1959 φησιν,
1012 1874 1081 1940 ἐπεὶ
1095 1890 1122 1931 1⁵

69 1992 132 2045 τῶν
150 1981 323 2063 αἰσθητῶν
340 1979 516 2065 κατάρχειν
536 1980 597 2063 τὴν
610 1978 827 2065 Εἱμαρμένην
845 1983 956 2064 λόγος·
979 1983 1081 2068 ταύτη

68 2088 123 2164 τὰς
149 2084 460 2170 άτιοκοιθισταμένας
487 2087 596 2170 ψυχάς
622 2086 843 2171 ὑπερβαίνειν
869 2089 930 2172 τὴν
956 2091 1082 2176 Εἱμαρ-

69 2191 169 2278 μένην
192 2191 274 2278 φησί
298 2193 335 2258 τὸ
359 2195 483 2275 λόγιον·
1070 2193 1072 2198 ’

132 2336 174 2401 οὐ
196 2337 261 2423 γάρ
284 2334 343 2420 ὑφ’
362 2337 519 2421 είμαρτὴν
538 2334 661 2419 ἀγέλην
684 2339 846 2402 πίπτουσι
868 2342 1037 2422 θεουργοί.

26 2484 128 2555 Rrss‚10
158 2478 209 2542 11.
237 2478 305 2560 Τὴν
322 2474 360 2542 δὲ
378 2477 477 2561 ἕκτην
495 2475 701 2564 ἀναφέρουσι
727 2481 914 2568 Φωσφόρφ,
940 2483 1079 2566 θερμαί·
1093 2487 1150 2544 ΧΥ

71 2608 158 2650 νοντι
187 2585 254 2668 ἅμα
276 2583 332 2648 καί
359 2589 504 2668 γονίμους
530 2585 740 2668 ὑγραίνοντι·
769 2580 866 2662 οὗτος
895 2582 932 2650 δέ
961 2584 1003 2650 δν
1030 2592 1080 2671 είη
1095 2605 1120 2643 81

135 2760 161 2796 v.
183 2747 198 2794 2
217 2739 385 2795 Aristoteles
403 2741 466 2809 περὶ
486 2742 636 2810 οὐρανοῦΙ
654 2760 680 2811 p.
696 2747 748 2796 268
768 2742 879 2796 Bekker
952 2749 984 2796 19
1004 2743 1082 2797 Kroll

72 2810 101 2864 de
119 2830 156 2867 or.
172 2811 270 2866 chald.
285 2831 312 2881 p.
327 2816 361 2865 59

132 2975 158 3009 v.
181 2960 194 3007 1
214 2955 457 3024 κυκλοφορητικὴν
481 2956 510 3008 Y
527 2956 531 3026 Ι
552 2953 659 3009 οὐσίαν.
688 2954 798 3023 reliqua
811 2954 896 3009 huius
908 2955 1082 3025 paragraphi

73 3023 166 3080 desunt
185 3027 219 3081 X
295 3024 486 3095 θάριστοτέλη
506 3026 544 3078 M
627 3023 850 3096 λὺποκειμένην
868 3027 898 3080 D
976 3033 991 3080 6
1011 3027 1081 3081 ἀνα-

73 3096 200 3152 κύκλωσιν
218 3097 248 3151 D
351 3103 385 3150 10
414 3095 456 3152 ότι
480 3096 636 3164 αἰσθήσεως
663 3097 832 3168 δημιουργὸς
860 3095 967 3167 λέγεται
992 3130 1024 3136 -
1048 3104 1081 3151 19

72 3166 239 3239 θεουργοίδ
263 3169 267 3240 Ι
292 3167 383 3240 παρὰ]
401 3167 465 3237 περί
486 3169 509 3224 0
532 3171 535 3236 Ι
560 3178 619 3230 τοῖς
636 3167 715 3222 omis.
740 3170 786 3237 ΥΙ
802 3168 969 3238 δσμιουργδς
988 3167 1002 3222 ὁ
1022 3169 1083 3233 ζεδς

72 3239 139 3307 παρὰ
158 3236 325 3309 φιλοσόφοις
343 3240 373 3294 D
464 3246 496 3293 11
521 3236 557 3310 ἦν
580 3240 610 3294 ἐν
633 3240 709 3312 αὐτῷ
729 3239 825 3309 CER
849 3232 885 3308 ἦν
908 3241 983 3311 αὐτῷ
1002 3240 1081 3307 DM,

74 3310 112 3364 καὶ
125 3309 174 3366 διὰ
187 3319 269 3365 τοῦτο
289 3312 364 3383 αὐτῷ
383 3311 518 3380 ηπεντὰς
535 3311 681 3366 ἀνάκειται
699 3310 834 3382 συγγενὴς
848 3305 918 3364 οὖσα
931 3318 964 3381 τῇ
980 3310 1082 3377 αἰσθή-

74 3383 139 3437 σειδ
202 3387 235 3436 13
250 3383 291 3444 είς
310 3380 456 3449 ὅρασιν-
473 3388 506 3437 14
526 3383 604 3453 ἁφὴν
622 3381 700 3436 omia.
721 3383 750 3436 Y
771 3386 775 3451 Ι
800 3381 890 3450 όικοην
905 3413 939 3421 -
955 3388 989 3434 14
1004 3381 1081 3450 ἁφὴν

74 3448 250 3508 inrasuras
321 3460 355 3507 15
374 3451 543 3523 εἱμαρμένην
562 3455 591 3508 D
665 3459 697 3506 16
717 3450 846 3524 λόγος-
863 3458 895 3506 17
913 3449 1082 3522 εἱμαρμένην

76 3521 201 3579 desuntS
273 3531 305 3578 21
331 3524 390 3592 ἅμα
408 3543 484 3594 -p.
505 3531 574 3594 32‚1
594 3522 757 3594 Ἀφροδίτης
776 3525 878 3578 desunt
897 3524 938 3592 Χ,
962 3523 1081 3593 θερμαί-

75 3612 279 3664 νοντιασσπερος
288 3596 325 3658 ὡς
333 3597 369 3664 A,
384 3594 568 3665 θερμαίνοντι
583 3596 597 3651 ὁ
613 3598 661 3651 καὶ
676 3594 790 3666 ἕσπερος
804 3597 840 3658 ὡς
855 3594 945 3667 έλλησι
960 3598 1079 3668 eorm,
