2524 3984
164 211 228 265 LVI
571 206 779 261 PRAEFATIO

162 401 196 456 ·p.
208 380 311 454 48,16
332 375 404 486 nord
439 374 490 438 τὸν
522 376 650 453 εὐφημι-
705 367 769 434 κατ’
791 371 980 452 εὐφημισμόν
1005 371 1088 432 OFG

208 559 290 631 49,1
333 465 649 634 diffideremus-
705 571 782 628 quae
812 553 844 611 in
877 552 1002 628 reliquis
1036 549 1186 610 codicibus

333 648 396 705 νῶν
409 644 516 702 desunt
525 644 561 717 E,
578 639 650 702 ἔστω
873 644 984 700 extant.

334 731 649 791 -2NoivoudesuntD

1246 701 1250 770 t

168 824 225 882 hoo
243 822 350 880 ultimo
369 822 463 899 igitur
480 822 545 880 loco
564 839 633 879 oum
651 821 739 895 plura
758 819 856 878 desint
869 819 901 878 in
915 820 940 877 E
955 837 1048 894 quam
1060 817 1093 874 in
1106 817 1144 890 D,
1162 816 1188 874 Ε
1248 812 1250 892 ξ

166 930 240 971 roro
254 909 403 969 vetustior
417 910 456 969 sit
470 909 570 968 codice
579 909 616 984 D,
631 911 766 984 apparet,
780 911 921 967 neutrum
935 927 970 966 ex
980 908 1085 981 altero,
1097 906 1187 964 immo
1249 909 1251 984 ξ

168 1003 335 1074 utrumque
359 1019 394 1057 ex
417 1017 478 1057 uno
502 999 665 1073 eodemque
684 998 865 1073 exscriptum
884 1015 947 1056 esse
966 996 1078 1071 codiee3
1103 997 1133 1052 et
1152 993 1186 1052 si·
1248 1002 1254 1071 ὲ,

169 1086 293 1147 milibus
313 1088 409 1147 causis
429 1087 614 1161 adducimur,
637 1090 673 1145 ut
690 1087 821 1163 reliquos
841 1105 961 1162 quoque
979 1085 1095 1145 codices
1115 1080 1188 1141 OFG
1250 1113 1251 1152 3

170 1177 224 1234 uni
258 1177 443 1253 assignemus
475 1176 646 1252 archetypo.
702 1175 793 1234 altius
826 1179 928 1234 autem
959 1175 992 1232 in
1023 1171 1189 1231 definienda
1249 1163 1251 1207 ³

172 1266 275 1340 stirpis
299 1266 327 1322 Y
354 1264 555 1323 membrorum
583 1264 760 1342 cognatione
783 1265 958 1323 descendere
981 1261 1124 1321 cautioris
1146 1261 1189 1317 in·
1250 1277 1251 1284 ¹

172 1353 346 1430 quisitionis
375 1374 436 1413 non
466 1372 528 1413 esse
560 1353 732 1429 putaverim
763 1356 887 1428 propter
917 1354 1079 1410 momenta·
1101 1365 1189 1424 supra

173 1446 361 1501 enumerata:
390 1462 487 1518 neque
510 1462 581 1502 vero
604 1442 738 1501 iacturae
763 1442 929 1518 quidquam
956 1441 1097 1514 facimus,
1126 1457 1188 1497 cum
1250 1471 1251 1494 r

172 1532 229 1590 hoc
252 1531 451 1607 relinquimus
473 1531 506 1589 in
524 1531 630 1589 medio.
668 1531 741 1590 locis
761 1530 839 1589 enim
859 1529 961 1589 allatis
980 1529 1053 1588 satis
1073 1528 1190 1586 demon·
1250 1533 1252 1578 i

173 1623 296 1694 stratur,
325 1639 441 1696 sempor
463 1620 525 1678 fere
550 1619 681 1678 exbiberi
704 1621 866 1697 genuinam
879 1620 1049 1678 tectionem
1072 1636 1090 1674 a
1114 1615 1189 1675 codi-
1250 1631 1252 1692 ᾗ

172 1729 241 1768 oum
265 1707 349 1768 OFG
373 1709 544 1784 archetypo.

241 1796 354 1866 Quibus
379 1797 524 1873 expeditis
546 1799 642 1856 restat
663 1799 699 1856 ut
724 1815 912 1872 quaeramus,
936 1814 1068 1872 quonam
1091 1794 1191 1854 ordine
1249 1787 1252 1853 ζ

173 1887 207 1944 in
231 1886 392 1945 editionem
415 1886 586 1962 recipienda
609 1887 670 1945 sint
691 1887 861 1964 fragmenta
884 1904 902 1943 a
926 1885 1076 1944 codicibus
1093 1902 1190 1942 reeen-
1249 1926 1252 1970 ἲ

173 1976 266 2035 sionis
289 1975 317 2033 Y
341 1978 467 2036 servata.
510 1994 638 2051 cumque
662 1975 884 2050 comparatione
908 1993 1011 2034 eorum
1035 1993 1103 2033 oum
1125 1971 1190 2030 reii-
1249 1979 1252 2050 j

173 2065 255 2141 quiis
279 2084 333 2140 per
352 2064 466 2123 codices
484 2064 668 2122 Barberinae
685 2064 865 2123 recensionis
885 2096 926 2104 -
947 2063 983 2121 de
1005 2062 1114 2138 quibus
1133 2062 1190 2119 iam

174 2154 232 2212 erit
261 2154 419 2212 dicendum
446 2186 489 2194 -
517 2152 643 2212 servatis
671 2153 812 2212 instituta
840 2152 1072 2225 demonstretur,
1099 2149 1190 2209 Maxi·
1250 2143 1251 2152 ’

97 2285 102 2287 -
173 2262 258 2300 mum
285 2241 452 2300 Planudem
479 2241 512 2300 in
541 2242 715 2302 universum
748 2241 868 2318 quidem
901 2240 1028 2299 eundem
1061 2239 1191 2298 ordinem
1250 2253 1254 2303 ῖς

172 2331 343 2404 retinuisse,
363 2350 450 2406 quem
466 2331 499 2387 in
518 2331 680 2406 archetypo
695 2330 832 2406 Lydiano
852 2333 1035 2406 reppererat,
1059 2329 1192 2404 superest
1251 2318 1252 2389 J

175 2423 212 2478 ut
240 2419 302 2478 eius
329 2419 501 2496 fragmenta
529 2419 756 2495 interponamus
785 2419 865 2478 inter
893 2419 1033 2477 uberiora
1063 2418 1117 2476 illa
1148 2435 1190 2473 ex·
1252 2431 1253 2436 ¹

177 2510 279 2583 cerpta
302 2507 468 2566 Barberina
491 2509 655 2567 secundum
676 2507 796 2582 indicia,
824 2526 901 2583 quae
924 2507 1010 2566 nobis
1036 2506 1103 2582 ipso
1129 2524 1191 2566 ver·
1250 2512 1252 2551 ὲ

174 2596 282 2654 borum
315 2598 455 2655 contextu
485 2597 726 2672 suppeditantur.
780 2597 860 2672 quod
890 2600 1051 2672 postquam
1080 2596 1192 2653 factum
1252 2587 1253 2612 ¹

176 2688 221 2743 est
255 2703 272 2742 a
301 2684 435 2744 Schowio
468 2686 664 2761 probantibus
696 2685 845 2744 Roethero
872 2685 1069 2760 Bekireroque
1093 2715 1134 2726 —
1164 2683 1191 2740 in

174 2775 284 2832 horum
312 2773 491 2834 editionibus
521 2793 569 2849 ea,
597 2793 675 2851 quae
699 2774 844 2833 debentur
873 2773 1022 2833 codicibus
1045 2773 1082 2848 Y,
1110 2771 1191 2831 uncis

176 2863 292 2921 seclusa
310 2863 439 2938 reperies
459 2895 501 2904 —-
520 2863 596 2921 nihil
619 2866 722 2939 restat,
745 2863 803 2921 nisi
826 2865 861 2921 ut
884 2867 971 2922 notas
993 2862 1031 2921 iis
1050 2862 1124 2921 loeis
1143 2860 1190 2919 ad·

176 2951 256 3026 dam,
276 2951 385 3026 quibus
405 2970 423 3009 a
441 2949 617 3010 Schowiana
634 2952 823 3011 restitutione
842 2951 991 3026 discrepat
1009 2951 1102 3010 editio
1120 2967 1193 3009 mea.

177 3043 268 3116 atque
296 3040 426 3115 primum
455 3040 576 3116 quidem
602 3040 724 3114 1,er
750 3041 924 3116 transposui
951 3042 1020 3115 post
1044 3040 1074 3114 I,
1096 3039 1194 3110 ler,

168 3151 245 3192 ‚eum
269 3150 284 3188 o
311 3129 529 3188 sententiarum
557 3149 633 3187 nexu
662 3133 833 3204 appareret,
861 3129 1086 3206 paragraphum
1112 3129 1193 3187 illam

175 3219 233 3279 hoe
256 3219 321 3278 loco
346 3219 499 3293 quondam
522 3218 668 3277 extitisse:
691 3221 727 3276 ut
750 3219 829 3276 enim
853 3218 889 3276 de
911 3217 1007 3277 tribus
1026 3217 1114 3292 Eryli
1134 3216 1192 3276 ani·

176 3308 234 3367 mis
257 3308 431 3383 loqueretur
452 3307 555 3383 Lydus
579 3310 742 3366 commotus
766 3311 831 3366 erat
853 3306 1004 3365 mentione
1027 3307 1121 3364 trium
1143 3306 1194 3365 Ge·

176 3395 280 3472 ryonis
313 3416 477 3473 corporum.
525 3395 631 3454 deinde
662 3416 738 3472 quae
766 3416 794 3472 p.
815 3395 912 3454 erar
940 3396 1085 3472 leguntur
1114 3393 1195 3454 uncis

179 3485 295 3543 seclusa
314 3483 446 3566 διαφέρει
462 3519 503 3527 -
520 3485 636 3563 μίμημα
655 3485 753 3544 omisi:
772 3504 868 3560 neque
887 3483 966 3543 enim
983 3485 1125 3544 viderant
1140 3482 1193 3544 edi-

177 3574 268 3645 tores,
296 3573 349 3632 illa
373 3595 408 3635 ex
431 3575 534 3636 eodem
558 3575 715 3649 desumpta
733 3574 798 3633 loeo
818 3592 879 3632 esse
904 3593 964 3648 quo
989 3591 1032 3648 ea,
1057 3592 1135 3649 quae
1158 3574 1193 3632 le-
