2530 3988
379 214 488 272 LIBER
506 215 684 284 QUARTUS.
712 217 853 272 APfflLIs
1059 215 1120 280 117

101 393 174 446 τῶν
196 392 343 464 ποιητῶν
366 379 527 466 τέσσαρας
549 383 785 467 παραδιδόασι·
811 384 891 466 μίαν
914 376 976 465 μὲν
999 379 1032 458 ἐξ
1057 379 1162 444 OM

102 498 212 574 ρανοῦ
235 486 290 553 καὶ
309 487 452 574 Ἡμέρας
475 494 662 572 τεχθεῖσαν,
686 485 802 574 ἑτέραν
825 485 863 552 δὲ
886 486 919 565 ἐξ
942 486 1065 572 ἀφροῦ,
1089 486 1121 565 ἐξ

99 591 145 679 ῆς
166 594 224 680 καί
238 594 361 680 Ἑρμοῦ
375 594 483 680 Ἔρως
507 594 639 679 ἐτέχθη·
661 599 779 681 τρίτην
796 595 882 671 Διὸς
903 592 959 660 καὶ
977 596 1122 678 Διώνης,

102 702 137 781 ἐξ
162 697 202 785 ἧς
224 700 280 766 καὶ
294 700 412 788 ’Ἁρεος
434 705 598 786 τεχθῆναί
618 718 723 786 φασιν
740 700 936 787 Ἀντέρωτα·
963 702 1123 788 τετάρτην

100 811 165 892 τὴν
197 811 326 892 Συρίας
355 805 410 872 καὶ
440 808 599 894 Κάπρου,
634 809 696 891 τῆν
726 807 908 893 λεγομένην
933 806 1123 894 Ἀστάρτην.
1151 833 1163 873 ε

7 999 8 1002 ¹
101 917 201 980 ἄλλοι
226 913 266 979 δέ
286 929 380 998 φασι,
402 916 538 1000 πρώτην
561 911 622 999 μὲν
645 923 705 981 τοῦ
726 914 884 1001 Οὐρανοῦ
906 913 961 980 καί
980 913 1124 1001 Ἡμέρας

103 1021 281 1107 Οὐρανίαν
303 1018 523 1107 καλουμένην,
547 1019 708 1105 δευτέραν
730 1017 768 1087 δέ
786 1019 913 1108 Ἀφροῦ
936 1021 992 1088 καὶ
1012 1022 1123 1109 Εὐρυ-

102 1131 211 1213 νόμης
234 1136 292 1212 τῆς
305 1125 476 1211 Ὠκεανοῦ,
499 1127 554 1193 καὶ
577 1131 694 1214 τρίτην
715 1129 778 1212 την
800 1135 1036 1213 συναφθεῖσαν
1051 1128 1124 1215 Ἑρ-

103 1245 150 1321 μῆ
179 1243 226 1323 τῷ
254 1238 395 1316 Νείλου,
426 1233 460 1313 έξ
487 1229 527 1317 ῆς
554 1233 609 1300 καὶ
638 1235 655 1301 ὁ
689 1236 843 1320 δεύτερος
861 1233 969 1321 Ἔρως
997 1236 1014 1301 ὁ
1043 1236 1124 1302 ὑπό-

103 1362 237 1426 πτερος,
262 1343 423 1426 τετάρτην
446 1343 530 1418 Διὸς
552 1339 608 1406 καὶ
631 1343 777 1426 Διώνης,
800 1342 844 1425 ἣν
865 1344 987 1426 ἔγημεν
1000 1341 1124 1426 Ἥφαι·
1139 1369 1165 1407 1⁰

103 1469 193 1533 στος,
217 1450 330 1535 λάθρα
353 1444 390 1513 δὲ
413 1448 497 1534 αὐτῆ
521 1448 697 1514 συνελθὼν
711 1448 813 1535 Ἄρης
836 1452 924 1514 ἔτεκε
942 1448 1003 1513 τὸν
1016 1446 1125 1513 Ἀντέ-

104 1579 204 1644 ρωτα.
249 1561 396 1620 καλεῖται
425 1549 462 1620 δὲ
488 1560 659 1640 πολλαχοῦ
686 1553 741 1620 καί
770 1557 946 1640 Πασιφάη,
974 1554 995 1639 ἡ
1023 1565 1125 1621 πᾶσιν

103 1663 284 1747 έπαφιείσα
300 1661 362 1744 τὴν
379 1660 519 1745 ῆδονῆν·
538 1659 593 1726 καί
608 1659 765 1746 Ἐρυκίνη
784 1664 873 1748 παρά
891 1665 929 1728 τὸ
947 1664 1026 1739 τοὺς
1045 1665 1125 1746 ἔροι-

103 1793 163 1847 τας
187 1773 303 1833 κινεῖν.
349 1765 405 1833 ἀπ’
429 1767 531 1852 αὐτῆς
554 1765 592 1832 δὲ
614 1767 669 1832 καὶ
683 1767 807 1854 Ἑρμοῦ
830 1771 890 1834 τὸν
904 1768 1125 1856 Ἑρμαφρόδι-

103 1900 166 1941 τον
196 1881 357 1958 τεχθῆναι
388 1876 501 1958 λόγος,
535 1866 609 1940 οἷον
640 1876 700 1940 τὸν
728 1874 880 1961 εὐφραδῆ
910 1875 965 1941 καὶ
992 1876 1124 1941 ἀστεῖον
1140 1901 1164 1941 ιε

103 1986 220 2066 λόγον,
250 1983 310 2046 τὸν
338 1978 370 2058 ἐξ
399 1981 523 2065 ἡδονῆς
552 1983 589 2047 τὸ
620 1984 723 2067 τραχὺ
753 1984 956 2066 θηλύνοντα.
1001 1984 1061 2048 τὸν
1089 1978 1126 2047 δὲ

105 2089 229 2172 ταύτης
259 2087 381 2173 άοτέρα
410 2099 450 2174 τῆ
480 2091 601 2175 σελήνη
630 2088 842 2175 παρέπεσθαί
869 2106 951 2175 φασι
982 2091 1039 2155 διά
1068 2091 1126 2166 τάς

105 2196 304 2281 νυκτερινὰς
324 2199 517 2280 συναφείας,
539 2196 623 2261 ὅθεν
640 2193 696 2261 καί
715 2198 813 2261 σκιάν
831 2196 934 2261 αὐτὸν
953 2196 1127 2262 ἀποτελεῖν

107 2303 165 2366 διά
188 2303 225 2366 τὸ
250 2302 410 2386 σωμάτιον
434 2297 520 2367 εἶναι
543 2305 751 2388 παρεκτικόν.
794 2304 993 2389 ἱερούρηουν
1012 2299 1049 2368 δέ
1069 2302 1126 2368 αὐ-

105 2418 145 2494 τῆ
169 2417 271 2493 χῆνας
294 2405 349 2472 καί
369 2407 537 2494 πέρδικας,
561 2409 612 2474 ὅτι
632 2410 666 2473 αἱ
684 2405 746 2493 μὲν
765 2420 835 2486 τοῖς
853 2408 953 2474 ὕδασι
972 2413 1123 2495 χαίρουσι
1140 2436 1166 2475 ιο

109 2553 151 2562 -
174 2518 315 2598 πελαγιά
339 2510 376 2579 δὲ
399 2513 615 2601 ῆἈφροδίτη
634 2553 679 2562 -
698 2517 730 2581 οἱ
754 2512 791 2580 δὲ
814 2527 886 2593 ταῖς
909 2528 1038 2600 φωναῖς
1060 2529 1128 2582 τῶν

108 2625 257 2706 θηλείών
280 2621 438 2706 άνόμενοι
462 2621 664 2688 ἁλίσκονται.
710 2632 867 2688 τοσαῦται
890 2620 952 2707 μὲν
975 2635 1044 2700 τοῖς
1067 2646 1128 2689 πα-

109 2734 216 2806 λαιοίς
239 2730 275 2794 αλ
296 2727 374 2813 περὶ
391 2727 590 2814 Ἀφροδίτης
617 2731 700 2794 κατά
727 2730 877 2814 μυθικὴν
899 2727 954 2793 καὶ
981 2731 1128 2814 φυσικὴν

108 2840 258 2922 θεωρίαν
280 2833 383 2914 δόξαι.
430 2837 462 2901 οἱ
491 2831 527 2901 δὲ
555 2838 740 2921 φιλόσοφοι
763 2838 902 2920 Διώνην
929 2837 990 2919 τῆν
1008 2835 1127 2922 Ἀφρο-

107 2944 204 3026 δίτην
227 2937 316 3007 εἶναί
341 2959 424 3026 φασι
451 2942 513 3024 τῆν
541 2944 598 3007 διὰ
625 2943 761 3007 πάντων
788 2938 894 3008 οὖσαν
921 2954 989 3006 τῶν
1017 2945 1125 3006 ὄντων
1139 2968 1164 3008 ιι

108 3047 229 3133 φύσιν
262 3055 422 3133 τεχθῆναι
450 3043 487 3112 δὲ
516 3047 620 3132 αὐτὴν
649 3047 685 3113 έκ
714 3059 781 3114 τών
810 3048 967 3134 Οὐρανοῦ
994 3032 1126 3134 μηδέών

106 3154 243 3239 καὶτῆς
272 3156 459 3239 θαλάσσης,
487 3153 659 3220 τουτέστιν
686 3155 719 3233 ἐξ
748 3155 866 3240 ἀρτίου
893 3155 1042 3240 άριθμοῦ
1070 3153 1126 3220 καὶ

106 3271 278 3347 περιττοῦ·
306 3259 360 3326 καί
383 3270 540 3347 περιττοῦ
563 3257 625 3346 μέν
649 3259 684 3326 ἐκ
707 3271 767 3327 τοῦ
791 3263 916 3343 είδους,
945 3259 1062 3348 ἀρτίου
1089 3258 1126 3326 δὲ

178 3416 202 3454 v.
218 3406 235 3454 4
253 3398 403 3469 ἀνθέρωτα
418 3399 450 3453 Χ
510 3407 526 3454 5
545 3400 596 3470 τῆν
611 3399 710 3468 συρίαν
725 3402 760 3469 A,
779 3407 828 3470 τῆς
842 3397 939 3468 πυρίας
953 3401 981 3455 Β
1042 3406 1058 3454 9
1077 3409 1126 3456 τοῦ

107 3469 149 3540 X,
174 3475 212 3545 τῷ
236 3487 304 3526 corr.
330 3471 381 3526 Gu.
401 3471 480 3525 Kroll
573 3478 604 3525 11
630 3469 779 3541 άνθέρωτα
799 3471 830 3525 Χ
919 3477 953 3524 13
972 3470 1078 3542 έρικίνη
1098 3473 1126 3527 Β

107 3547 141 3598 23
161 3543 210 3598 κοιλ
229 3542 363 3616 φυσικὴν]
383 3544 453 3612 φασὶ
472 3542 500 3596 Β
566 3549 600 3596 26
619 3547 722 3613 τεθῆνε
736 3544 763 3597 Α
828 3547 910 3612 27⁸q.
930 3543 978 3598 καλ
987 3551 1126 3613 ,περιττοῦ

107 3613 192 3668 semel
211 3616 323 3668 tantum
342 3613 448 3682 legitur
465 3612 495 3666 in
515 3613 541 3666 A
