2530 3988
142 185 205 248 116
410 183 518 238 LIBER
537 182 715 248 QUARTUS.
743 182 884 238 APRILIS

98 357 124 412 X
138 346 181 412 άν
192 353 241 430 είη
252 346 269 413 6
279 347 432 432 Μάρτιος
440 385 493 430 -,
503 346 772 432 προστιθεμένην
782 342 819 411 δὲ
829 353 875 433 τῷ
884 343 1051 428 Ἀδώνιδι,
1061 370 1164 412 τουτ-

140 452 209 519 έστι
242 462 287 542 τῷ
315 457 432 542 Μαΐῳ,
467 451 543 519 καθ’
571 452 612 518 δν
640 453 704 537 ἤδη
734 451 788 519 καὶ
819 451 939 538 ἐαρίζει
974 453 1014 518 τδι
1042 453 1163 538 ὄρνεα·

139 569 261 626 τοῦτον
284 556 321 626 δὲ
344 559 565 646 ἀναιρεθῆναι
588 559 654 628 ὑπὸ
677 569 737 626 τοῦ
751 558 870 645 Ἄρεος
892 557 1163 643 μεταβληθέντος

141 669 188 744 είς
215 663 274 750 ὗν,
307 665 410 733 οίονεὶ
438 667 475 732 τὸ
504 668 563 752 ἐαρ
590 665 657 732 ὑπὸ
687 675 748 732 τοῦ
775 665 900 751 θέρους
929 665 1161 752 ἀναιρεῖσθαι·

115 775 249 860 ιθερμὴ
273 775 336 858 γὰρ
359 773 380 856 ἡ
404 774 506 858 φύσις
528 782 588 842 τοῦ
611 772 672 851 ὑὸς
693 771 749 840 καὶ
772 770 847 838 ἀντὶ
870 782 931 838 τοῦ
953 770 1078 858 θέρους
1100 771 1161 838 αὐ-

141 881 201 944 τὸν
234 880 267 944 οί
302 877 442 964 μυθιαολ
479 881 718 964 λαμβάνουσιν.
773 878 792 962 ἢ
830 881 874 956 ὡς
910 881 1025 956 ἄλλοις
1056 880 1161 963 δοκεῖ,

133 985 277 1062 ’Ἀδωνις
299 986 361 1071 μέν
384 986 475 1054 ἐστιν
497 986 515 1053 6
537 988 673 1073 καρπός,
687 985 790 1073 Ἄρης
809 982 846 1051 δὲ
863 985 883 1052 6
903 995 975 1063 σῦς
999 983 1162 1070 πολέμιον

142 1088 180 1158 δέ
203 1093 239 1157 τὸ
263 1096 348 1172 ζῶον
370 1103 440 1169 τοῖς
466 1103 621 1180 καρποῖς,
649 1094 758 1179 ὥσπερ
786 1095 947 1178 σωτήριος
974 1095 1068 1175 βοῦς·
1100 1091 1158 1158 καὶ

143 1201 200 1265 διδι
222 1209 321 1266 τοῦτο
341 1201 521 1282 Αἰγύπτιοι
543 1203 593 1266 ἐτι
613 1197 671 1268 καλ
694 1209 759 1266 νῦν
782 1203 873 1284 βοῶν
893 1195 955 1283 μὲν
973 1199 1018 1277 ὡς
1036 1197 1160 1264 ἐπίπαν

103 1334 129 1373 ιο
144 1306 335 1392 ἀπέχονται,
367 1317 437 1384 τοῖς
469 1302 507 1372 δὲ
538 1306 643 1384 ὑείοις
675 1307 720 1384 ὡς
751 1307 892 1391 μάλιστα
919 1306 1005 1392 πρὸς
1031 1304 1161 1388 ἐδωδὴν

143 1412 408 1500 κατακέχρηνται.
453 1410 640 1499 Εὐριπίδης
664 1408 701 1478 δὲ
719 1410 922 1499 Ἀφροδίτην
944 1411 1050 1496 αὐτὴν
1073 1411 1161 1490 άξιοῖ

144 1521 374 1605 ὀνομασθῆναι
398 1519 433 1584 ἐκ
455 1530 516 1586 τοῦ
540 1521 690 1605 άφρονας
713 1522 792 1595 τοὺς
815 1519 960 1606 ἐρῶντας
976 1518 1159 1586 ἀποτελεῖν.

144 1627 162 1692 6
186 1623 223 1692 δὲ
242 1628 439 1712 Χρύσιππος
462 1626 503 1692 οὐ
521 1628 662 1711 Διώνην
684 1625 768 1693 άλλδι
786 1628 941 1711 Διδόνην
959 1625 1066 1710 αὐτὴν
1086 1626 1161 1692 ὀνο-

144 1735 304 1819 μάζεσθαι
329 1732 416 1812 ἀξιοῖ
438 1735 527 1820 παρά
554 1735 592 1800 τὸ
621 1733 808 1800 ἐπιδιδόναι
836 1735 894 1812 τὰς
920 1718 980 1817 τῆς
1001 1731 1162 1817 γενέσεως

105 1866 130 1906 ιε
145 1839 278 1924 ἡδονάς,
302 1841 439 1926 Κύπριν
462 1837 499 1905 δέ
523 1840 755 1925 ὀνομασθῆναι
776 1842 866 1926 παρά
888 1841 927 1907 τὸ
949 1840 1045 1906 κύειν
1061 1839 1162 1925 παρέ-

147 1971 228 2032 χειν,
255 1945 311 2012 καί
334 1950 532 2032 Κυθηρείην
554 1947 690 2032 ὁμοίως,
717 1948 807 2032 παρά
834 1947 872 2012 τὸ
900 1947 944 2032 μὴ
969 1949 1078 2031 μόνον
1106 1947 1164 2012 άν-

146 2055 298 2139 θρώποις
322 2053 406 2120 ἀλλὰ
428 2051 483 2118 ααλ
500 2057 636 2141 θηρίοις
655 2054 692 2118 τὸ
711 2054 806 2132 κύειν
824 2053 1024 2119 ἐπιδιδόναι.
1061 2056 1164 2120 ἐνθεν

143 2159 262 2246 Ἑρμῆς
281 2159 318 2225 ἐν
336 2170 375 2246 τῇ
394 2163 595 2248 ιιοσμοποιΐηι
612 2161 653 2226 τά
666 2157 728 2245 μὲν
743 2157 828 2246 ὑπὲρ
843 2161 954 2246 ὀσφὺν
967 2163 1093 2247 ἄρρενα
1106 2170 1165 2245 τῆς
1262 2229 1263 2236 ¹

142 2265 352 2352 Ἀφροδίτης,
375 2267 415 2331 τά
434 2263 471 2332 δὲ
489 2264 557 2351 μετ’
571 2266 676 2352 αὐτην
688 2270 795 2352 θήλεα
812 2268 1056 2353 παραδίδωσιν·
1080 2269 1165 2334 ὅθεν

107 2403 133 2442 νο
148 2374 331 2457 Πάμφυλοι
358 2371 413 2438 καὶ
440 2374 584 2457 πώγωνα
611 2376 754 2458 ἔχουσαν
781 2373 939 2458 ἐτίμησαν
961 2372 1165 2460 Ἀφροδίτην

147 2477 239 2546 ποτέ·
262 2486 422 2564 τεχθῆναι
440 2478 471 2546 δ’
489 2479 595 2563 αὐτὴν
613 2479 765 2559 ἀξιοῦσιν
783 2479 847 2546 άπὸ
867 2491 936 2545 τῶν
948 2483 1086 2566 Κρόνον
1105 2507 1165 2566 μη·
1260 2533 1261 2536 ι

148 2583 245 2668 δέων,
259 2585 430 2652 τουτέστιν
443 2585 507 2652 άπὸ
518 2596 578 2652 τοῦ
593 2586 757 2671 αίῶνος,ἡ
773 2583 810 2653 δέ
824 2587 927 2672 φύσις
938 2598 1006 2652 τῶν
1013 2590 1166 2674 πραγμά-

148 2716 215 2758 των
230 2692 337 2769 ἀΐδιος
349 2691 404 2758 καὶ
419 2694 601 2780 άφθιιρτος.
624 2696 757 2778 ,βενίσαι
770 2695 807 2759 τὸ
822 2692 1062 2780 ἀφροδισιάσαι
1075 2697 1167 2780 παρὰ
1259 2673 1260 2700 ¹

148 2807 193 2887 τῷ
222 2801 344 2882 πλάθει
373 2797 510 2882 λέγεται.
556 2799 574 2865 6
605 2795 643 2880 δέ
670 2800 815 2868 Πλάτων
839 2801 907 2866 δύο
927 2801 1167 2887 ,παραδίδωσιν

108 2935 134 2975 25
144 2905 354 2992 Ἀφροδίτας,
377 2905 549 2990 Οὐρανίαν
567 2904 623 2970 καὶ
641 2907 840 2990 Πάνδημον·
863 2903 918 2972 καὶ
936 2907 998 2989 τὴν
1015 2901 1077 2990 μὲν
1096 2918 1168 2984 τοῖς

147 3021 253 3096 θεοῖς,
276 3013 339 3096 την
358 3007 396 3076 δέ
413 3023 483 3088 τοῖς
502 3011 696 3098 ἀνθρώποις
713 3011 935 3097 παρέπεσθαι·
959 3014 990 3077 οἱ
1013 3009 1050 3078 δέ
1069 3015 1167 3080 άλλοι

219 3206 243 3243 v.
260 3193 291 3241 11
312 3186 376 3242 Eur.
397 3185 497 3241 Troad.
518 3192 569 3240 989
643 3192 677 3240 24
695 3186 777 3243 Plato
796 3186 891 3258 Symp.
910 3205 936 3258 p.
953 3187 1038 3242 180D

221 3346 439 3437 ν.1τφ]τδΒ
520 3347 827 3428 emoza-6063&
846 3348 968 3428 συππλ,
1053 3353 1085 3404 18
1102 3347 1168 3417 Ἑρ-

151 3427 203 3487 μῆς
216 3450 252 3458 -
266 3423 300 3472 λθ
321 3416 482 3486 Αφροδίτην
499 3415 568 3472 ποπέ
581 3418 747 3476 Lambemus
762 3437 792 3471 m
806 3417 942 3475 Oodmum
982 3463 987 3473 .
1004 3423 1055 3474 168
1073 3437 1117 3476 nr.
1133 3425 1168 3476 28

151 3487 386 3612 ἶθὴποέμὲιλὲοᾏνΧ,
402 3487 668 3560 παμφίλιοιΙιωωδ,
683 3507 751 3544 corr.
766 3488 882 3558 Ηωείυες
893 3489 919 3544 ε’
952 3488 959 3500 '
975 3488 1094 3548 'abuius
1110 3491 1169 3546 loci

173 3575 190 3611 a
211 3574 225 3611 e
314 3601 318 3611 .
