2524 3984
108 181 174 236 VIII
513 181 718 238 PRAEFATIO

108 350 259 410 mensibus
283 353 457 426 supersunt,
484 351 562 424 sola,
589 351 641 409 sed
671 351 763 409 etiam
785 352 930 411 nonnulla
953 351 1013 412 alia
1037 374 1052 413 e
1077 373 1124 416 οο-

109 439 172 499 diee
204 437 357 498 Oaseolino
388 441 545 498 mutuatus
576 457 650 498 sum.
697 440 815 517 saepius
843 440 922 499 enim
948 461 1006 501 usu
1033 445 1123 522 vemt,

108 531 143 588 ut
165 528 267 604 Lydus
291 528 322 586 in
350 547 399 603 eo,
428 547 517 603 quem
547 527 582 587 de
612 527 838 606 magistratibus
868 531 973 606 populi
996 531 1124 592 Romani

109 617 294 693 conseripsit,
312 617 389 677 libro
408 617 553 693 expressis
568 617 666 677 verbis
680 618 822 677 lectorem
834 619 948 696 releget
961 621 1000 678 ad
1013 621 1125 681 librum

109 706 145 766 de
168 706 318 766 mensibus
342 709 373 765 et
395 705 433 764 ad
455 723 511 780 res,
534 724 609 782 quas
632 706 664 764 in
681 707 734 766 illo
754 708 930 784 exposuerit.
959 723 1125 784 quaecum

108 795 152 854 ita
185 796 259 870 sint,
296 813 397 856 omnes
429 795 494 854 eius
526 795 641 873 generis
673 797 767 870 Ιοοοο,
800 797 854 872 qui
885 796 1005 873 quidem
1036 799 1124 860 hodie

108 904 169 945 nou
187 885 248 944 iam
265 885 408 961 Iegrmtur
425 884 457 941 in
476 903 563 960 opere
582 881 648 964 περὶ
671 892 784 962 μηνῶν,
807 885 853 943 illi
870 886 1042 948 inserendos
1061 907 1123 949 esse

109 973 190 1048 duxi,
209 974 409 1050 depromptos,
427 974 527 1032 utres
546 973 614 1048 fert,
638 992 653 1031 e
673 973 771 1032 codiee
791 972 956 1050 OaseoHnn,
979 977 1033 1052 qui
1047 997 1123 1038 unus

108 1062 194 1122 nobis
225 1063 355 1122 servarit
385 1064 552 1122 tractatum
581 1061 617 1120 de
646 1062 881 1138 magistratibus.
932 1063 992 1124 duo
1023 1069 1124 1125 autem

109 1153 213 1210 extant
245 1151 353 1210 horum
381 1152 515 1210 loeorum
551 1168 673 1228 genera:
712 1155 766 1211 aut
803 1153 881 1210 enim
917 1153 953 1213 de
989 1157 1124 1214 veterum

108 1240 313 1298 Romanorum
334 1238 484 1299 institutis
508 1241 538 1297 et
560 1239 692 1300 moribus
716 1241 819 1318 agitur
837 1273 879 1282 -
901 1245 969 1301 turn
991 1242 1123 1302 tribuen-

108 1327 162 1388 dos
184 1328 253 1387 illos
277 1346 339 1388 esse
362 1331 448 1404 patet
472 1329 609 1388 extremis
632 1329 702 1387 libri
724 1329 814 1405 primi
842 1331 991 1408 partibus,
1015 1333 1123 1408 quibus

109 1417 183 1476 talia
211 1417 308 1476 fusius
341 1417 476 1494 exposita
512 1419 605 1477 fuIsse
640 1417 764 1493 reliquis
796 1419 972 1496 fragmentis
1005 1420 1123 1483 demon-

108 1507 234 1580 stratur3
263 1510 317 1566 aut
340 1506 401 1565 alia
425 1506 573 1582 quaedam
594 1509 745 1566 tractatur
770 1508 897 1566 materia
921 1542 963 1550 —
986 1512 1053 1568 turn
1076 1510 1124 1570 de-

108 1593 276 1654 finientibus
299 1595 418 1654 indiciis
443 1595 491 1655 eni
514 1595 578 1654 loeo
601 1597 658 1655 hae
685 1595 862 1656 tribuendae
890 1597 951 1657 sint
977 1599 1124 1674 reliquiae

109 1684 206 1742 dicere
233 1684 295 1742 iam
321 1705 382 1744 non
414 1702 581 1761 possumus
628 1704 688 1761 qua
710 1705 742 1743 re
775 1685 889 1744 faotum
922 1690 979 1761 est,
1011 1691 1047 1747 ut
1077 1688 1124 1748 bis

108 1772 238 1849 margini
262 1773 401 1832 editionis
425 1772 619 1832 adscribenda
641 1773 733 1832 fuerit
752 1774 860 1834 oodieis
880 1772 904 1834 Ο
924 1777 1009 1836 nota:
1028 1797 1056 1852 p.
1074 1779 1124 1853 16,

111 1863 251 1936 16-17,
265 1864 315 1938 15,
338 1863 391 1920 ubi
413 1863 583 1940 fragmenta
605 1862 675 1921 libri
698 1863 787 1938 primi
811 1883 846 1922 ex
865 1883 952 1939 opere
971 1865 1007 1924 de
1030 1867 1123 1944 magi-

109 1950 254 2010 stratibus
285 1951 481 2028 colliguntur,
512 1955 542 2011 et
563 1972 592 2028 p.
614 1953 690 2027 180,
712 1953 850 2028 10—-16,
880 1952 933 2011 ubi
960 1973 996 2012 ex
1021 1955 1126 2014 eodem

110 2057 197 2114 opere
211 2039 243 2097 in
257 2039 368 2098 librum
386 2039 423 2098 de
441 2041 592 2100 mensibus
610 2040 792 2100 transfertur
809 2041 1012 2118 fragmentum
1030 2044 1124 2119 quod·

109 2128 178 2186 dam
200 2128 332 2188 incertae
354 2129 441 2188 sedis,

177 2233 291 2304 Quibus
306 2235 451 2312 expeditis
465 2239 568 2312 restat,
586 2240 622 2296 nt
641 2255 828 2313 quaeramus,
847 2256 1007 2313 quemnam
1024 2240 1125 2299 locum

108 2323 141 2381 in
165 2324 301 2383 codicum
323 2323 528 2400 Lydianorum
555 2326 630 2385 serie
655 2328 758 2385 teneat
781 2325 955 2386 Oaseolinus
979 2328 1124 2404 cuiusque

107 2412 199 2488 pretii
222 2413 262 2471 sit
290 2412 500 2473 aestimandus.
547 2413 631 2472 ouius
656 2415 840 2490 quaestionis
863 2435 1039 2492 responsum
1063 2417 1124 2475 iam

108 2502 321 2576 oeoupavimus
337 2499 537 2578 aliquatenus,
557 2521 625 2561 oum
642 2503 729 2562 illum
748 2504 858 2580 integri
872 2505 980 2565 codicis
994 2505 1123 2582 vestigia

108 2608 242 2649 servasse
267 2590 404 2649 diximus
449 2610 546 2666 neque
569 2593 670 2650 tamen
693 2611 789 2668 usque
813 2612 847 2652 eo
871 2597 917 2653 est
938 2593 1063 2671 integer,
1088 2598 1124 2652 ut

108 2698 163 2755 pro
187 2679 252 2755 ipso
282 2679 414 2738 omnium
442 2678 576 2739 oodioum
604 2682 765 2758 archetypo
792 2682 895 2741 haberi
919 2683 1027 2758 possit:
1050 2703 1124 2759 quo·

109 2767 208 2827 minus
233 2768 312 2826 enim
333 2769 389 2827 hoe
408 2770 586 2845 statuamus,
610 2789 670 2828 uno
689 2772 753 2830 loeo
772 2769 951 2848 impedimur
968 2793 997 2848 p.
1015 2773 1087 2847 168,
1104 2774 1122 2830 5

109 2874 183 2932 sqq,
207 2857 314 2932 quiin
338 2857 470 2933 epitoma
494 2878 614 2934 quoque
638 2878 656 2917 a
678 2859 807 2920 Maximb
830 2859 965 2919 Planude
989 2861 1124 2920 eonfeota

112 2937 166 3026 (Y)
191 2949 274 3005 extat
298 2949 328 3004 et
356 2966 373 3005 a
400 2947 500 3006 codiee
525 2945 680 3007 Oaseolino
704 2950 796 3023 atque
820 2969 838 3006 a
860 2949 1030 3009 recensione
1054 2950 1123 3008 Pla-

109 3033 208 3093 nudea
232 3035 348 3094 diverso
370 3036 458 3096 modo
482 3036 524 3095 sie
547 3037 690 3096 traditur:

338 3247 362 3310 O
870 3251 898 3308 Y

153 3369 386 3456 <Πορφύ>ριος
441 3369 590 3453 οῧ<τως>
677 3372 921 3454 ὅτιΠορφύριός
936 3393 1022 3454 φησι·
1042 3372 1124 3450 “τοὺς
1211 3393 1217 3414 ο

110 3457 240 3542 φ<ησ>ί·
266 3459 368 3548 εταύτῃ
391 3461 461 3535 τοὺς
483 3484 589 3540 parvo·
645 3459 846 3541 φαινομένους
878 3463 1037 3544 οὐρανίους
1070 3472 1123 3527 eg-

110 3549 219 3630 μένους
243 3548 423 3634 οὐρανίον<ς
443 3551 535 3625 θεοὺς
553 3561 589 3636 τῇ
644 3550 697 3624 οὺς
733 3562 769 3636 τῇ
806 3551 901 3636 emp
941 3554 1124 3633 δεξιούμενοι
