2524 3984
169 175 271 230 XXXII
569 174 776 232 PRAEFATIO

169 343 239 403 dam
261 343 389 420 amplior
421 342 471 402 cui
502 342 677 402 inscribitur
698 342 765 424 περὶ
788 343 998 426 ἱπποδρομλου.
1044 345 1095 422 qui
1121 364 1189 405 cum

170 431 351 492 consentiret
380 432 582 509 compluribus
612 432 684 492 locis
709 425 759 514 (p.
777 435 807 510 4,
823 435 863 493 26
884 452 948 511 sqq.
974 454 1002 510 p.
1024 437 1051 511 6,
1069 439 1086 494 7
1106 428 1188 516 sqq.)
1249 457 1250 474 ¹

170 540 238 581 cum
261 521 411 582 codicibus
434 520 535 598 XYS,
565 540 662 598 neque
692 521 723 580 in
752 522 877 599 reliquis
909 523 1073 600 quidquam
1100 526 1189 598 esset,
1249 555 1250 562 .

169 611 249 687 quod
271 629 332 670 non
355 630 390 670 ex
413 610 517 670 eodem
544 629 604 686 quo
634 611 751 686 reliqua
781 614 903 671 auctore
934 612 1093 672 deductum
1124 631 1189 672 esse

168 701 339 776 appareret,
365 699 484 778 integer
506 718 524 758 a
546 719 593 757 me
615 698 648 757 in
670 699 781 758 librum
803 701 973 777 Lydicuum
995 701 1108 760 relatus
1135 704 1189 776 est,

167 788 344 865 praesertim
366 807 433 847 cum
454 787 492 848 iis
516 807 635 864 quoque
662 789 815 864 partibus,
843 808 971 866 quarum
993 790 1095 850 nullus
1119 809 1189 850 con·

169 895 273 937 sensus
304 895 370 935 eam
400 875 525 953 reliquis
558 876 708 938 codicibus
739 878 796 938 hoc
831 879 897 939 loco
934 883 993 953 est,
1029 879 1189 938 Laurentii

168 966 335 1027 doctrinam
362 964 447 1026 nobis
474 964 556 1024 tradi
582 965 839 1027 demonstraretur
866 968 943 1029 libro
965 967 1010 1026 IV
1028 966 1048 1044 ὅ
1068 969 1109 1027 25
1136 961 1188 1050 (of.

167 1055 240 1131 Pp.
261 1053 474 1129 6,24---·ΧΥ
496 1074 525 1130 p.
546 1057 645 1131 89,7,
675 1055 748 1132 Pp.
770 1058 826 1130 7,1
849 1082 892 1104 =
910 1077 940 1133 p.
967 1058 1088 1133 89,13.
1119 1050 1188 1139 21).

169 1142 263 1203 edidit
284 1143 364 1202 hunc
386 1145 550 1202 tractatum
569 1147 723 1220 -atque
746 1163 782 1220 ex
802 1144 869 1221 ipso
892 1149 996 1206 nostro
1019 1145 1129 1221 codice,
1154 1149 1189 1205 ut

169 1232 302 1292 conicere
325 1232 397 1292 licet
419 1264 462 1273 -
484 1231 599 1308 primus
623 1232 791 1309 Stephanus
814 1233 856 1293 Le
879 1233 987 1311 Moyne
1018 1234 1050 1293 in
1074 1229 1189 1294 ‘Variis

169 1320 268 1381 Sacris
296 1339 350 1381 ceu
373 1320 494 1400 Sylloge
521 1321 674 1381 variorum
702 1323 912 1398 opusculorum
939 1321 1121 1383 Graecorum
1150 1324 1188 1382 ad
1250 1343 1251 1362 ¹

167 1430 231 1470 rem
261 1409 492 1470 ecclesiasticam
522 1405 747 1489 spectantium’,
775 1410 869 1491 Lugd.
893 1412 960 1473 Bat.
989 1415 1021 1472 et
1042 1412 1123 1472 Trai.
1149 1413 1187 1472 ad

171 1499 236 1575 Ru,
259 1499 304 1558 ed.
328 1499 379 1558 alt
406 1501 501 1577 1694,
524 1501 595 1558 tom.
609 1498 626 1558 1
642 1518 671 1576 p.
697 1501 774 1576 5033
798 1519 873 1577 quas
892 1503 993 1560 autem
1012 1500 1108 1562 codici
1133 1520 1186 1561 suo
1250 1545 1251 1580 ,

169 1587 277 1648 tribuit
294 1588 445 1664 lectiones,
467 1588 549 1646 haud
566 1587 612 1647 ita
630 1588 791 1667 diligenter
809 1591 944 1649 enotasse
963 1609 1031 1648 eum
1050 1592 1187 1667 apparet
1250 1633 1251 1638 .

169 1697 193 1736 e.
204 1697 233 1755 g.
247 1677 351 1737 scribit
364 1697 392 1753 p.
407 1677 488 1750 3,19
503 1672 650 1756 tourriac,
667 1696 696 1753 p.
711 1679 772 1754 4,4
787 1676 906 1738 αλπώλω
924 1675 1073 1759 typicum,
1094 1698 1187 1755 quare

168 1768 203 1825 ut
216 1766 298 1825 illius
317 1765 448 1825 editione
467 1767 567 1840 spreta
581 1784 649 1826 mea
663 1768 820 1826 contentus
834 1767 874 1826 sis
888 1767 1049 1828 collatione
1064 1787 1184 1843 quaeso.

167 1857 287 1931 praeter
309 1854 352 1914 Le
374 1854 530 1931 Moynium
556 1874 626 1915 vero
658 1854 761 1914 eodem
789 1855 849 1914 fere
880 1858 1013 1933 tempore
1044 1875 1103 1933 quo
1133 1857 1186 1916 ille

167 1944 246 2003 hunc
268 1945 432 2003 tractatum
455 1942 511 2002 sibi
534 1943 690 2020 exscripsit
713 1942 855 2004 Claudius
879 1943 1052 2022 Salmasius,
1078 1945 1131 2021 qui
1154 1946 1186 2005 in

168 2028 442 2093 ‘exercitationibus
469 2032 616 2093 Plinianis
643 2033 675 2091 in
699 2031 729 2092 (λ
753 2032 824 2092 Iulii
853 2033 949 2093 Solini
975 2030 1186 2111 polyhistora',

167 2122 297 2182 Traiecti
321 2122 359 2181 ad
381 2121 519 2181 Rhenum
543 2124 638 2198 1689,
668 2121 780 2198 passim
809 2122 939 2182 frustula
968 2123 1031 2182 eius
1060 2124 1185 2201 profert.

167 2214 237 2270 sunt
259 2213 360 2270 autem
382 2210 468 2270 hacc:

210 2372 239 2429 p.
261 2352 397 2414 633⁸E:
421 2350 563 2413 Graeci:
596 2351 710 2413 δώδεκα
741 2347 773 2412 δὲ
810 2351 1023 2433 ὕσπληγες-
1045 2351 1119 2433 ἔχων
1152 2353 1185 2415 τὸ

447 2441 589 2520 σύνθημα
612 2433 675 2522 (ed.
699 2462 727 2518 p.
748 2442 829 2520 5,15
845 2474 887 2483 -
903 2435 991 2524 6,1).
1037 2443 1185 2502 ulteriora

445 2529 514 2589 inde
529 2548 547 2588 a
560 2548 633 2590 voce
648 2529 816 2610 μαππάριος
828 2533 1005 2607 repetuntur
1018 2551 1046 2607 p.
1058 2524 1139 2590 tw
1152 2531 1184 2608 G,

446 2618 553 2696 quibus
576 2619 697 2678 additur
718 2616 768 2680 noi
790 2616 845 2697 τὴν
868 2618 992 2698 μᾶππαν
1010 2617 1182 2700 ἀναλαμβα-

446 2705 571 2787 νόμενος
587 2740 625 2750 -
642 2704 765 2769 ἐπετέλει
789 2700 831 2790 (p.
853 2711 881 2786 6,
894 2710 912 2768 5
924 2741 966 2750 -
980 2701 1021 2791 7).

210 2816 238 2874 p.
260 2798 398 2858 635⁸D:
422 2801 549 2857 auctor
570 2800 674 2858 vetus
702 2815 854 2876 graecus
881 2795 1083 2877 ἀνώνυμοςε
1106 2794 1125 2876 ἡ
1150 2793 1183 2857 δὲ

446 2883 908 3054 assumtus
931 2878 989 2967 <l
1008 2887 1126 3036 99
1139 2918 1179 2928 ·

446 2993 640 3142 τὴνπῗίπηρσοιν
664 3055 707 3146 (p.
726 3067 756 3141 4,
767 2998 862 3124 23γῗιἶ
874 2973 1047 3146 ὅῇδῖρορρη
1072 2997 1098 3036 ⁶¹
1117 2999 1136 3035 α

210 3174 238 3230 p.
259 3146 343 3214 637¹>
358 3150 397 3212 G:
416 3152 607 3231 graeculus
631 3155 757 3213 auctor
778 3171 987 3229 anonymus:
1010 3149 1130 3226 ἑπτάκις
1150 3149 1182 3213 δὲ

445 3237 589 3302 indulcor
615 3273 652 3283 —
672 3237 744 3301 ἔπτὰ
771 3242 921 3320 πλάνητας
949 3234 991 3323 (p.
1013 3245 1041 3318 6,
1055 3245 1126 3301 7-
1139 3244 1181 3303 10

441 3323 538 3412 app.);
561 3331 597 3390 cf.
609 3330 712 3390 eadem
725 3350 755 3407 p.
767 3324 896 3408 6381‘1),
917 3325 1001 3392 (idib
1012 3328 1038 3389 G
1051 3331 1181 3407 prolata.
1251 3367 1252 3418 ,

209 3440 238 3496 p.
259 3419 395 3482 639⁶B:
419 3420 512 3479 alius
537 3422 663 3479 auctor
686 3425 897 3496 anonymus:
920 3415 952 3479 ἐν
975 3414 1008 3479 δὲ
1030 3423 1092 3492 τοῖς
1110 3413 1177 3499 παρ’
1251 3427 1252 3430 ’

445 3500 726 3589 ἑκάτερα-Ἑρμοῦ
742 3506 792 3568 καλ
805 3506 940 3586 Σελήνης
955 3499 998 3590 (p.
1014 3500 1180 3591 5,7-11).
1251 3525 1252 3600 ξ
