2524 3984
470 213 676 269 PRAEFATIO
983 215 1084 271 LXVII

81 380 129 440 bus
148 381 186 460 h⁴2
213 400 319 441 manus
348 382 553 442 testimonium
580 399 634 442 nos
662 382 774 458 deficit,
803 385 873 460 quia
901 403 1001 444 omnes
1028 385 1083 444 has

81 469 177 530 codicis
198 471 223 529 B
247 470 389 530 lectiones
417 489 477 528 uno
506 471 570 530 solo
597 471 686 530 modo
714 472 856 548 explicari
882 491 969 548 posse
995 478 1081 550 puto:

80 578 137 617 cum
158 561 310 635 sumimus,
333 561 513 636 exscriptum
536 579 603 620 eum
627 579 689 621 esse
713 580 748 620 11
766 561 795 619 Α
818 560 914 640 1111ἡ
941 567 1080 622 correcto.

79 647 331 725 locupletissimum
352 667 424 708 vero
446 649 534 709 huius
558 650 723 710 sententiae
744 653 904 727 patronum
922 651 1019 711 adhue
1036 672 1081 710 rc-

79 738 192 812 servavi,
215 739 267 814 qui
289 737 338 798 hic
362 741 407 798 est
428 738 525 798 locus:

133 847 160 902 p.
181 829 254 902 105,
270 829 309 886 19
330 826 423 908 μητρὸ
441 820 499 909 (=
515 821 638 910 μητρὸς)
657 828 695 903 A,
718 807 818 909 pmpd‘
830 820 1000 910 (accentum
1019 848 1080 888 cor·

79 908 157 998 rexit)
174 917 225 996 A„
248 913 394 995 μητρόχου
413 916 447 975 Β.

134 1005 291 1080 quominus
315 1008 415 1064 autem
439 1005 570 1064 codicem
592 1005 618 1064 B
640 1005 736 1064 filium
759 1005 892 1066 dicamus
916 1006 1080 1082 cedidisti,

77 1109 127 1150 una
143 1095 238 1153 adhuc
255 1114 288 1154 re
305 1094 496 1171 impedimur:
521 1093 639 1153 exhibet
657 1094 737 1153 enim
753 1094 780 1152 B
799 1095 978 1171 particulam
996 1096 1081 1154 illam

77 1179 158 1266 χρόνῳ
178 1215 219 1224 -
239 1181 421 1262 Περγαμηνὰ
444 1186 584 1242 καλοῦσιν
613 1175 673 1264 (cd.
695 1201 724 1259 p.
746 1185 801 1259 14,
822 1177 967 1266 11-20)
992 1184 1029 1242 ab
1051 1184 1080 1242 A

78 1271 211 1330 omissam.
259 1290 334 1347 quae
352 1274 458 1347 postca
478 1271 581 1330 addita
600 1289 662 1330 esse
686 1272 906 1333 demonstratur
929 1291 977 1347 eo,
1001 1273 1080 1348 quod

77 1357 101 1415 in
121 1360 217 1420 codice
237 1360 263 1418 B
282 1361 422 1438 leguntur
439 1361 523 1419 uncis
542 1360 670 1435 seclusa3
692 1363 794 1420 tamen
811 1364 915 1436 restat,
937 1365 972 1420 ut
991 1381 1079 1436 quae-

76 1447 177 1524 ramus,
203 1449 237 1507 in
260 1467 390 1524 quonam
413 1449 512 1509 codice
536 1449 694 1508 commissa
716 1449 756 1510 sit
777 1450 851 1509 haec
877 1449 1078 1526 interpolatio.

131 1537 365 1598 Reminiscamur
382 1539 444 1596 iam
461 1538 587 1596 duorum
604 1538 725 1596 illorum
739 1539 952 1614 exemplarium
966 1539 1077 1597 Romae

77 1625 253 1702 scriptorum,
284 1627 432 1685 Allatiani
460 1630 490 1685 et
512 1627 686 1701 Mariniani3
719 1645 845 1702 quorum
873 1647 940 1686 cum
964 1627 1019 1686 hoc
1043 1647 1078 1685 111

77 1711 120 1772 illo
149 1715 306 1775 deductum
336 1733 399 1776 esse
429 1718 558 1791 constet,
591 1716 626 1774 de
658 1716 746 1776 huius
778 1717 892 1794 origine
922 1716 1078 1775 dicendum

78 1803 190 1878 amplius
220 1822 280 1863 non
310 1808 363 1864 est.
409 1821 587 1880 quaeramus
617 1806 731 1879 autem,
763 1805 840 1863 unde
867 1804 999 1864 Allatius
1030 1825 1077 1862 ex-

79 1893 215 1968 scripserit
239 1911 282 1968 ea,
309 1893 415 1968 quibus
437 1896 543 1969 postea
565 1912 635 1953 usus
659 1896 704 1953 est
725 1894 884 1952 Masinius:
912 1893 985 1952 dicit
1007 1912 1077 1952 vero

78 1977 106 2036 dc
121 1981 163 2041 his
182 1981 343 2058 Schoenus,
367 1983 448 2042 cuius
468 2001 558 2058 supra
576 1981 732 2041 attulimus
750 1981 849 2056 verba,
872 1982 1078 2059 apographum

77 2067 262 2129 Marinianum
286 2063 328 2152 (h.
353 2090 377 2129 e.
400 2063 602 2152 Allatianum)
626 2071 756 2146 incipere
779 2070 883 2128 eodem
905 2069 994 2129 modo
1018 2089 1076 2145 quo

77 2157 192 2218 codicem
214 2159 421 2235 Barbarinum‚
443 2157 553 2240 βροντὴ
576 2163 646 2237 art,
669 2178 723 2219 nec
745 2159 828 2218 aliud
850 2159 1009 2218 discrimen
1032 2161 1077 2216 in·

76 2247 210 2308 terccdere
232 2249 312 2308 inter
338 2249 414 2307 illud
441 2253 472 2308 et
493 2249 698 2308 Barberinum.
745 2266 822 2323 quae
850 2266 917 2307 cum
943 2247 989 2306 ita
1017 2249 1077 2308 sint

78 2352 191 2412 cumque
217 2338 333 2396 nullum
361 2342 441 2397 extat
468 2339 627 2415 vestigium
659 2337 782 2396 alterius
811 2336 919 2397 codicis
946 2335 1075 2412 Lydiani

77 2421 225 2485 Barherino
249 2427 369 2502 similis,
397 2428 450 2503 qui
471 2429 543 2486 tunc
565 2425 677 2484 Romae
702 2425 807 2500 fuerit,
833 2425 981 2484 Allatium
1004 2444 1076 2502 quo·

77 2531 123 2586 quc
143 2535 157 2573 1
179 2515 343 2574 Barbanno
371 2534 425 2575 sua
450 2516 583 2575 hausisse
605 2533 660 2589 pro
685 2518 765 2573 certo
787 2513 890 2572 habeo.
937 2514 988 2574 sed
1015 2515 1076 2573 iam

76 2602 189 2662 testatur
220 2604 300 2678 idem
332 2603 497 2678 Schoenus,
527 2603 708 2679 particulam
738 2603 824 2662 illam
856 2603 892 2662 dc
924 2603 1028 2662 charta
1058 2623 1076 2662 a

75 2687 231 2753 Ptolemaeo
249 2694 372 2753 inventa
390 2693 469 2769 apud
483 2692 644 2750 Marinium
663 2692 803 2751 extitisse.
840 2691 866 2750 si
884 2709 955 2751 vero
975 2711 1010 2750 ex
1028 2712 1075 2750 mc

77 2783 228 2857 quaeritur,
256 2783 403 2858 quomodo
428 2781 543 2840 factum
566 2781 618 2855 sit,
645 2783 680 2838 ut
706 2780 785 2840 inter
807 2779 1005 2839 Barbaricum
1028 2800 1075 2840 co·

75 2865 156 2928 dicem
185 2874 214 2929 ct
240 2871 362 2929 Marinii
391 2870 597 2948 apographum
625 2869 774 2928 intrusum
803 2870 843 2930 sit
872 2869 1074 2947 fragmentum

75 2954 145 3033 illud,
166 2960 264 3019 facere
287 2977 347 3030 non
368 2977 498 3034 possum,
522 2960 594 3035 quin
617 2977 745 3034 sumam,
772 2958 921 3017 Allatium
943 2958 1021 3016 illud
1043 2959 1074 3015 in
1097 3015 1102 3028 ,

75 3049 194 3124 margine
218 3048 366 3108 addidisse
389 3048 561 3125 apographo
585 3065 648 3122 suc,
671 3048 727 3122 cui,
750 3050 785 3105 ut
802 3046 1000 3105 bibliothecae
1014 3047 1073 3103 Va-

74 3132 176 3195 1111111
191 3137 315 3211 custodi,
337 3137 420 3196 facili
439 3155 509 3196 casu
522 3140 610 3196 notus
625 3154 688 3194 esse
706 3136 806 3210 potuit
824 3135 915 3194 codex
934 3134 1042 3209 aliquis
1058 3153 1073 3192 e

74 3219 214 3286 Vaticanis
233 3226 280 3300 iis,
303 3227 334 3282 in
358 3245 416 3301 quo
437 3225 493 3284 hoc
510 3224 621 3302 legitur
640 3227 810 3299 excerptum
829 3215 945 3304 (ODE)
953 3215 971 3281 ¹.
1008 3225 1074 3280 tum

135 3448 248 3503 ¹eimili
272 3447 355 3503 modo
387 3445 423 3501 ab
448 3444 555 3502 Allatio
581 3446 611 3500 in
636 3444 748 3500 Libanii
781 3443 891 3500 codices
917 3442 1072 3498 Vaticanus

73 3517 143 3572 notas
166 3535 180 3574 1
204 3519 347 3574 codicibus
371 3518 534 3573 Barberinis
558 3518 720 3587 desumptas
744 3515 840 3570 illatas
866 3531 926 3570 esse
949 3515 1072 3586 benigne

76 3601 112 3640 me
127 3589 231 3645 monuit
248 3591 281 3644 R.
301 3591 437 3644 Foerster.

873 3677 907 3730 e*
