2556 3996
131 197 137 210 '
177 211 221 274 30
559 210 668 264 ειεεε
685 211 807 265 ALTER

102 385 158 439 ΧΗ
177 375 325 440 σύνοδον
338 375 445 458 ψύχει.
475 376 578 440 ἔνθεν
600 370 693 459 οἶμαι
714 377 794 451 τοὺς
816 372 892 460 περὶ
915 379 1080 460 γεωργίαν
1097 374 1186 458 ἐσχο-

178 483 317 558 λακότας
339 479 496 565 ἀσφαλῶς
524 485 673 567 σπείρειν
694 478 757 566 μὲν
778 480 834 546 καλ
857 483 1017 566 φυτεύειν
1038 479 1112 567 περὶ
1130 499 1187 546 συ-

177 588 299 664 νόδους
316 587 337 671 ἢ
355 589 594 673 πανσελήνους,
614 580 669 654 οἷα
691 589 733 671 δή
756 587 794 654 ἐν
817 587 987 676 ὑγροτέρῳ
1010 598 1186 672 τηνικαῦτα

177 703 222 782 τςό
246 693 319 780 ἀέρι
345 692 401 759 καὶ
423 695 507 780 πρὸς
529 693 662 777 γένεσιν
684 696 797 760 ἀλλων
818 693 1033 782 κεκινημένῳ·
1056 693 1129 781 περὶ
1146 692 1186 760 δὲ

150 803 234 877 ετάς
256 802 454 885 διχοτόμους
476 801 562 885 ὕλην
584 825 634 884 τε,
653 802 713 885 ὅση
738 800 929 887 ἐργάσιμος,
951 805 1110 866 κόπτουσι
1130 800 1186 866 καὶ

176 910 254 983 τοὺς
271 908 355 992 πρὸς
373 905 538 972 ἀπόθεσιν
559 910 708 993 καρποὺς
731 911 997 992 συγκομιζονσιν,
1014 900 1071 974 οἷα
1092 908 1188 992 δήέν

136 1011 335 1100 Χξηροτέρμ
361 1023 400 1099 τῇ
425 1015 503 1101 ὥρα.
544 1013 599 1079 καὶ
626 1025 730 1080 ταῦτα
756 1010 818 1099 μὲν
845 1013 898 1080 ἐπὶ
925 1026 993 1080 τῶν
1019 1017 1187 1100 αἰσθητῶν

104 1133 161 1186 ΧΥ
175 1118 230 1184 καὶ
254 1131 392 1204 νοητῶν.
436 1119 512 1208 περὶ
540 1117 577 1186 δὲ
604 1131 665 1187 τοῦ
688 1120 758 1187 κατ’
790 1121 938 1208 ἀριθμὸν
964 1121 1185 1207 ἀξιῶματοςὸ

175 1225 328 1314 τέταρτος
355 1226 500 1313 ἀριθμὸς
521 1230 726 1313 τετράγωνός
750 1229 827 1295 ἐστι.
867 1232 969 1314 μόνος
995 1231 1059 1315 γάρ
1084 1229 1187 1305 λσάκις

136 1361 162 1400 ιο
178 1329 248 1410 ἶσος
272 1335 425 1421 λσομερής
448 1334 483 1399 ἐκ
506 1345 574 1400 τῶν
596 1336 707 1401 αὐτῶν
724 1335 779 1401 καὶ
799 1335 957 1402 συνθέσει
974 1335 1031 1401 καλ
1049 1337 1185 1420 δυνάμει

135 1439 302 1526 Χπέφυκε
328 1449 528 1525 γεννᾶσθαι,
561 1443 725 1508 σύνθεσιν
751 1438 814 1527 μὲν
845 1439 908 1508 οὖν
940 1443 976 1508 ἐκ
1007 1445 1104 1508 δυεῖν
1133 1440 1184 1507 καὶ

176 1549 285 1631 δυεῖν,
314 1548 459 1632 δύναμιν
481 1544 519 1613 δὲ
542 1546 578 1612 ἐκ
600 1558 661 1614 τοῦ
684 1547 737 1626 δὶς
759 1550 837 1632 δύο,
860 1550 1031 1633 πάγκαλόν
1052 1572 1084 1615 τι
1108 1565 1186 1633 συμ-

104 1660 160 1712 ΧῩ
175 1656 302 1738 φωνίας
334 1650 423 1731 εἶδος
456 1653 741 1739 ἐπιδεικνύμενος,
778 1655 796 1720 δ
830 1655 947 1741 μηδενὶ
979 1668 1046 1722 τῶν
1078 1658 1185 1722 ἀλλον

174 1761 330 1847 ἀριθμῶν
352 1759 569 1845 συμβέβηκεν,
589 1762 672 1844 ὅθεν
689 1761 745 1827 καὶ
764 1761 1059 1848 ἀποτελεσματικὸς
1081 1769 1185 1829 καλεῖ-

135 1899 159 1937 15
174 1887 240 1933 ται·
269 1870 299 1934 εἰ
321 1870 384 1954 γάρ
413 1867 478 1933 ἀπὸ
505 1869 651 1953 μονάδος
677 1868 773 1954 μέχρι
795 1871 952 1955 τετράδος
979 1869 1051 1954 ἑξῆς
1074 1888 1185 1935 συντε-

172 1981 268 2040 θεῐεν
290 1974 441 2060 ἀριθμοί,
464 1976 587 2040 δεκάδα
610 1975 840 2042 ἀποτελοῦσιν.

80 2095 159 2148 XYS
221 2081 272 2146 10.
291 2083 359 2165 Τήν
373 2079 410 2148 δὲ
423 2081 574 2166 πέμπτην
593 2081 773 2166 Φαέθοντι,
792 2089 838 2170 τῷ
856 2084 992 2148 πάντων
1008 2086 1227 2166 πλανή-ΙιτΠμ

174 2212 241 2254 ταν
269 2188 494 2277 εύκρατοτάτςο
527 2186 703 2255 ἀνέθεντο·
735 2193 805 2254 Δία
836 2186 873 2255 δὲ
905 2189 1009 2255 αὐτὸν
1028 2187 1184 2274 Ἕλληνες

173 2296 340 2380 ζωογόνον
362 2301 594 2378 θεολογοῦσιν.
640 2296 724 2361 ὅθεν
745 2295 801 2361 καὶ
829 2295 865 2361 ἐν
888 2299 1004 2382 Κρήτη
1028 2303 1186 2380 τεχθῆναι

133 2424 159 2461 20
173 2408 325 2486 μυθικῶς
349 2401 450 2467 αὐτὸν
473 2403 664 2486 βούλονται,
688 2401 725 2467 ἐν
743 2393 765 2489 ᾖ
781 2404 973 2486 θανάσιμον
992 2399 1092 2468 οὐδὲν
1106 2403 1185 2486 φύε-

172 2532 241 2590 ται,
269 2506 340 2573 ἀλλ’
370 2504 449 2573 οὐδὲ
477 2509 577 2586 λύκος
603 2508 623 2592 ή
647 2509 750 2592 γλαὺξ
779 2509 980 2595 εὑρίσκεται,
1013 2511 1057 2586 ὥς
1084 2527 1187 2594 φησιν

101 2613 366 2698 ΧΥἈντίγονος.
402 2612 458 2678 καὶ
473 2613 631 2701 οὐράνιος
654 2611 691 2679 δὲ
709 2621 855 2681 καλεῖται
873 2617 955 2680 κατά
975 2616 1036 2698 τήν
1055 2615 1091 2680 ἐν
1108 2637 1186 2680 πεν-

242 2772 267 2808 v.
287 2759 320 2806 22
339 2753 436 2822 Antig.
455 2753 554 2809 mirab.
574 2771 596 2810 0.
618 2760 664 2809 10:
688 2756 722 2809 ού
742 2752 848 2825 γίνεται
865 2763 947 2808 τοῦτο
966 2754 997 2808 τὸ
1017 2757 1098 2822 ζῶον,
1116 2755 1186 2808 ἀλλὰ

171 2823 226 2880 κᾶν
240 2825 358 2896 εἰσαχθῇ
372 2827 493 2899 τελευτᾷ,
512 2823 644 2894 καθάπερ
659 2826 689 2880 αἱ
703 2829 819 2897 γλαῦκες
832 2825 863 2881 ἐν
878 2825 982 2898 Κρήτη,
1001 2825 1031 2880 ἐν
1046 2819 1063 2898 ᾖ
1077 2823 1187 2896 λέγουσι

171 2895 238 2951 οῦδὲ
257 2898 327 2961 ζῶον
345 2893 507 2965 θανάσιμον
526 2895 609 2951 οὐδὲν
627 2897 679 2966 τὴν
697 2898 791 2967 χώραν
805 2894 909 2965 φέρειν.

241 3040 266 3075 v.
287 3028 301 3075 1
326 3021 484 3077 ἔνθεν-8
503 3022 659 3112 ἀξιώματος
682 3021 784 3074 desunt
806 3022 835 3075 Y
904 3027 918 3074 1
939 3020 1053 3112 ἔχονηας
1075 3021 1117 3089 Χ,
1142 3021 1187 3110 ἐσρ-

169 3090 402 3232 Ξὲἷῗέἷέαλῗτ
446 3089 1187 3235 7δάρὲξῖλλιὲἶῗλύετεῖάέωρῖἵςηἵὲἒῗάλῗ]δῖ

170 3235 305 3290 σύνθεσιν
318 3269 352 3277 -
370 3243 402 3290 13
417 3236 644 3305 ἐπιδεικνύμενος
668 3235 770 3289 desunt
797 3236 826 3288 Y
847 3236 851 3306 ή
876 3236 957 3289 δυοῖν
980 3235 1029 3288 καὶ
1053 3237 1131 3289 δυεῖν
1157 3237 1189 3289 Χ

172 3312 205 3358 14
230 3308 361 3376 ἀριθμῶν
388 3307 466 3362 omia.
491 3309 520 3362 Y
589 3313 622 3361 15
641 3307 706 3377 ἀχρι
728 3307 774 3377 ΥΙ
791 3305 853 3386 ἑξῆς
871 3305 949 3360 omia.
973 3305 1007 3373 Y,
1031 3305 1059 3370 ἐξ
1078 3301 1111 3372 ἧς
1129 3306 1160 3359 Β
1182 3309 1185 3378 Ι

170 3383 331 3434 συντεθεῖεν
350 3379 428 3434 omis¹
443 3380 474 3433 D
561 3385 594 3433 16
614 3379 733 3447 ἀριθμοὶ
761 3395 838 3432 οιωε.
863 3377 892 3430 Y
918 3379 923 3448 Ι
953 3376 968 3431 ὁ
992 3373 1061 3430 δέκα
1084 3376 1188 3432 ἀποτε-

169 3451 256 3503 λεῖται
280 3451 309 3503 Y
396 3457 428 3505 17
453 3449 496 3505 ὅτι
519 3451 571 3520 τὴν
589 3448 717 3520 πέμπτην
731 3482 766 3490 -
780 3455 814 3502 22
829 3446 1017 3520 ἀντάγονοςθ
1087 3454 1120 3502 18
1140 3451 1189 3502 εύ-

183 3521 335 3586 ·ρατωτάτω
344 3524 380 3592 A,
389 3522 467 3593 prius
476 3543 514 3576 τω
524 3522 627 3594 del.A2
646 3525 649 3590 Ι
666 3519 803 3577 ἀνέθεντο
814 3519 892 3575 omis,
902 3521 933 3574 X
940 3521 981 3592 Υή
993 3518 1042 3573 διά
1050 3521 1082 3572 Χ
1086 3521 1142 3575 OD
1148 3522 1188 3591 Ε,

195 3587 219 3644 ἀ
233 3592 337 3646 FGM
340 3594 362 3648 S
431 3601 465 3647 20
479 3595 607 3664 βούλεται
622 3595 659 3648 Μ
730 3600 764 3646 22
784 3592 814 3648 ἐν
832 3592 950 3648 πεντάδι
970 3590 1047 3646 omia.
1068 3593 1100 3645 X
