2556 3996
491 196 601 251 LIBER
619 196 775 252 TERTIUS
1097 199 1136 260 61

123 361 257 443 κυκλικη
272 357 328 424 καί
340 362 502 444 πολιτική.
529 357 584 426 καί
600 361 745 445 ἰερατιαη
759 356 821 445 μὲν
834 361 916 425 κατά
925 358 1139 426 τὸνἸανουά-
1152 371 1232 424 YHs

126 489 209 551 ριον,
229 467 310 532 ὅταν
323 466 341 532 ὁ
356 467 450 550 ἥλιος
468 467 528 531 τὸν
547 469 731 553 αἰγόκερων
748 468 879 553 παριὼν
893 466 1032 550 αὔξησιν
1045 478 1140 551 ποιη-

124 596 176 638 ται
189 582 248 665 τῆς
260 571 397 658 ἡμέρας·
411 574 549 659 πάτριος
564 570 601 638 δὲ
611 573 631 656 ἡ
641 572 717 660 παρ’
732 573 846 650 αὐτοῖς
856 573 1016 659 λεγομένη
1026 577 1139 661 πρώτη

120 689 181 744 τοῦ
208 684 365 766 Μαρτίου
403 677 521 764 μηνός,
553 678 632 745 καθ’
660 681 704 764 ἣν
734 679 790 746 καί
820 682 860 747 τά
892 682 977 746 ὅπλα
1005 684 1053 746 ἐτι
1085 680 1140 747 καί

122 797 186 851 νῦν
211 786 381 871 Ῥωμαίοις
410 789 491 863 ἐδος
519 798 634 852 κινεῖν.
680 785 700 870 ἡ
725 783 762 852 δέ
792 789 945 872 πολιτικὴ
968 787 989 871 ἢ
1012 793 1140 872 μᾶλλον
1167 809 1180 848 5

121 895 259 978 κταιλιαη
277 893 297 977 ἡ
316 895 429 979 πρώτη
452 903 513 959 τοῦ
532 895 765 980 Σεπτεμβρίου
788 897 902 979 μηνός,
925 894 968 978 ἣν
982 892 1141 978 Ἕλληνες

121 997 182 1084 μέν
205 999 413 1085 ἐπινέμησιν,
441 999 537 1066 αὐτοὶ
561 997 598 1065 δὲ
622 1002 814 1066 ἰνδικτιῶνα
837 1007 1010 1067 καλοῦσιν·
1036 1003 1140 1066 ἰνδικ-
1154 1011 1210 1064 YH

121 1117 224 1171 τιῶνα
242 1109 305 1192 γάρ
329 1108 361 1172 οἰ
380 1106 531 1191 Ῥωμαῖοι
549 1107 587 1171 τὸ
606 1109 740 1192 μήνυμα
758 1116 819 1172 τοῦ
838 1107 1045 1173 ἐνιαυσιαίου
1063 1108 1141 1172 κύκ·

122 1218 184 1278 λου
206 1217 351 1299 πατρίως
374 1218 544 1278 καλοῦσιν.
580 1222 638 1297 τῆς
661 1215 725 1299 γάρ
749 1213 966 1300 ἀρχαιότητος
987 1215 1046 1279 τὸν
1063 1215 1141 1279 κόκ-
1155 1225 1181 1277 Y

122 1326 182 1385 λον
206 1319 345 1405 ἐχούσης
368 1320 415 1396 εἰς
437 1320 474 1385 τὸ
505 1323 687 1404 λεγόμενον
716 1319 794 1406 παρ’
822 1321 936 1397 αὐτοῖς
965 1325 1140 1406 λοῦστρον,
1155 1343 1181 1382 10

122 1425 294 1492 τουτέστιν
327 1428 375 1503 εἰς
406 1428 467 1511 τὴν
498 1428 738 1510 πενταετηρίδα
765 1464 808 1473 -
834 1427 1007 1513 καθαρμὸς
1035 1422 1072 1491 δέ
1099 1422 1141 1509 ἦν

121 1531 176 1597 καί
204 1536 369 1619 μυστήρια
395 1534 534 1619 Μητρὸς
560 1531 629 1598 κατ’
657 1533 761 1598 αὐτὸν
788 1532 927 1598 ἐτελεῖτο
956 1570 999 1579 -
1015 1531 1141 1612 Ιἐδοξεν

122 1639 265 1725 ὕστερον
293 1641 377 1726 πρὸς
406 1640 506 1724 τιμὴν
526 1638 644 1725 ’Ἀρεος
667 1677 709 1686 -
733 1640 872 1725 πάτριος
902 1636 939 1704 δέ
961 1638 1141 1724 Ῥωμαίοις,

122 1747 167 1823 ὥς
203 1764 301 1831 φασι,
341 1749 422 1823 θεός
453 1784 498 1792 -
529 1747 618 1831 παρά
654 1744 949 1812 πεντεκαιδέκατον
986 1745 1142 1811 ἐνιαυτὸν

123 1853 351 1919 ἀνανεοῦσθαι
374 1854 434 1918 τὸν
456 1853 589 1918 κύκλον.
625 1852 646 1935 η
670 1855 734 1939 γάρ
753 1857 861 1919 τελεία
879 1853 1142 1930 ἀποκατάστασις
1156 1875 1181 1916 15

112 1959 230 2046 ’Ἀρεος
253 1962 353 2044 διχῶς
375 1954 675 2046 παραφυλάττεται,
698 1961 799 2046 μικρά
818 1955 879 2045 μέν
897 1962 1141 2043 πεντεκαίδεκα,

122 2065 203 2150 μέση
234 2062 271 2132 δὲ
302 2064 528 2150 ἑβδομήκοντα
560 2065 665 2131 ἐννέα.
716 2066 768 2130 ότι
798 2062 835 2131 δὲ
864 2067 1006 2152 πάτριον
1035 2065 1142 2152 ἀρχὴν

123 2172 279 2238 ἐνιαυτοῦ
306 2174 366 2238 τὸν
388 2174 546 2258 Μάρτιον
573 2173 606 2239 οἰ
629 2171 782 2257 Ῥωμαῖοι
809 2171 1014 2258 παρέλαβον,
1037 2174 1142 2256 δῆλον

121 2279 177 2345 καί
195 2279 260 2345 ἀπὸ
279 2288 340 2345 τοῦ
358 2281 416 2356 τάς
435 2277 614 2364 λεγομένας
631 2277 708 2364 παρ’
732 2278 846 2360 αὐτοῖς
864 2281 1048 2364 ματρώνας,
1066 2303 1142 2344 του-

122 2385 211 2452 τέστι
233 2387 292 2462 τάς
314 2386 497 2470 εὐγενίδας,
522 2388 601 2462 τοὺς
624 2384 752 2462 οἰκέτας
776 2384 902 2469 ἑστιᾶν,
929 2387 1082 2472 καθάπερ
1106 2385 1142 2450 ε’ν
1157 2410 1182 2448 ιο

122 2504 192 2569 τοῖς
214 2496 374 2578 Κρονίοις
404 2491 498 2558 τουτί
525 2493 682 2578 πράττειν
711 2494 791 2569 ἐθος
819 2487 862 2576 ἦν
889 2495 968 2570 τοὺς
990 2491 1143 2577 κεκτημέ-

122 2618 216 2675 νους·
244 2593 292 2664 ὧν
322 2601 356 2664 αἰ
388 2594 450 2684 μὲν
482 2597 528 2664 δι’
555 2597 673 2686 ’Ἇρεος
707 2600 806 2684 τιμὴν
841 2600 1041 2665 δουλεύουσι
1073 2609 1143 2675 τοῖς

122 2707 239 2792 ἀρρεσι
261 2717 329 2771 τῶν
353 2708 491 2771 οἰκετῶν
509 2706 566 2771 διά
584 2707 645 2790 τὴν
663 2709 837 2791 κρείττονα
855 2708 971 2791 φύσιν,
995 2708 1028 2771 οἰ
1046 2702 1084 2770 δέ
1099 2691 1142 2751 -Ᾰ

123 2813 350 2899 ἀποτρόπαιον
363 2814 473 2898 ὥσπερ
490 2815 675 2898 θεραπείαν
694 2814 883 2895 εἰσάγοντες
902 2821 947 2900 τῷ
961 2814 1083 2900 Κρόνῳ
1099 2848 1142 2857 -

123 2951 270 3022 πολιτικὴν
287 2950 305 3020 ἢ
325 2955 428 3021 μᾶλλον
447 2951 580 3020 κυκλικὴν
599 2951 671 3007 κατὰ
690 2951 741 3021 τὴν
759 2952 873 3022 πρώτην
887 2960 936 3006 τοῦ
951 2947 1142 3022 σεπτεμβρίου,

121 3021 157 3091 ἢν
176 3023 256 3092 ἡμεῖς
274 3021 324 3092 μὲν
343 3021 513 3093 ἐπινέμησιν,
532 3024 613 3077 αὐτοὶ
632 3022 662 3077 δὲ
682 3023 846 3078 ἰνδικτιῶνα
865 3027 1013 3077 καλοῦσιν·
1027 3030 1076 3090 τῆς
1089 3019 1142 3090 γάρ

123 3092 308 3166 ἀρχαιότητος
327 3097 363 3164 (p.
378 3100 421 3162 61,
437 3099 464 3163 9)
478 3097 533 3148 κτλ.
551 3094 555 3166 ἰ
570 3091 621 3163 μία
636 3093 686 3162 μὲν
705 3093 830 3162 ἱερατική
849 3093 936 3164 ἥγουν
954 3091 1022 3148 ὅταν
1037 3093 1051 3145 δ
1066 3090 1143 3217 τ’χλιος

121 3166 171 3220 τδν
191 3163 363 3236 αἰγοκέρωτα
378 3197 413 3205 -—
426 3175 549 3220 ποιεῖται
562 3173 612 3234 τῆς
625 3163 741 3234 ἡμέρας·
763 3163 842 3234 ἑτέρα
856 3163 888 3220 δὲ
905 3163 1024 3233 πάτριος
1041 3161 1058 3232 ἢ
1090 3182 1143 3218 ταν

122 3235 203 3306 (ὅταν
223 3237 277 3291 del.
296 3237 328 3306 S)
346 3236 364 3305 ἡ
382 3235 451 3304 παρ’
469 3238 565 3299 αὐτοῖς
579 3269 613 3277 -
627 3245 718 3292 κινεῖν
736 3237 759 3291 S

193 3327 218 3362 v.
236 3315 249 3361 1
270 3306 342 3362 κατά
361 3308 410 3363 τὸν
420 3306 599 3376 Ἰανουάριον
618 3307 698 3361 ομιὶε,
711 3308 747 3361 Η
816 3313 831 3361 5
851 3307 869 3376 ἡ
888 3305 919 3362 δὲ
934 3304 1011 3376 τρίτη
1026 3304 1142 3374 κνκλικὴ

121 3377 139 3448 ἢ
158 3379 287 3448 πολιτικὴ
306 3379 329 3434 S
399 3386 414 3433 6
433 3377 470 3448 ἣν
489 3380 569 3433 αὐτοὶ
584 3377 634 3448 μὲν
649 3379 813 3434 ἰνδικτιῶνα
826 3383 968 3447 καλοῦσιν,
987 3376 1098 3446 έλληνες
1111 3374 1143 3430 δὲ

123 3447 286 3520 ἐπινέμησιν
305 3450 335 3503 ἐκ
353 3449 580 3521 τοῦπράγματος
598 3447 760 3520 ὠνόμασαν·
780 3449 826 3505 ἐπὶ
841 3449 894 3522 γάρ
909 3453 980 3520 ζυγῶ
994 3453 1050 3504 κτλ.
1070 3447 1142 3519 (init.

123 3526 197 3590 323)
217 3522 239 3576 S
269 3594 297 3648 R
318 3528 334 3575 9
352 3519 477 3590 πατρίως
498 3525 639 3577 καλοῦσιν.
677 3525 729 3576 cet.
750 3521 806 3577 deS.
827 3521 862 3576 H
940 3529 973 3578 17
993 3519 1072 3594 μέση]
1097 3539 1143 3590 με-

124 3593 193 3664 γάλη
214 3592 248 3647 oi.
297 3611 312 3648 r
