2524 3984
167 177 254 232 LXIV
574 175 781 230 PRAEFATIO

169 347 405 424 fragmentorum
428 344 580 423 congeries
603 345 670 419 illa,
699 364 790 421 quam
817 345 849 403 in
877 344 1008 404 editione
1036 344 1142 404 littera
1165 345 1191 402 X

169 435 282 494 notavi.
333 436 465 493 ceterum
495 453 615 493 monere
647 433 751 508 liceat,
784 452 929 509 apparere
962 453 998 492 ex
1029 434 1079 507 iis,
1114 452 1191 508 quae

169 525 257 584 modo
286 525 454 598 attulimus,
482 527 573 599 caput
600 523 676 580 illud
704 523 740 581 de
768 522 891 581 fulmine
918 523 981 580 iam
1008 522 1046 580 ab
1074 522 1190 580 Allatio

169 613 255 689 Lydo
279 613 482 672 abiudicatum
510 630 586 671 esse:
616 629 797 688 quamquam
825 610 904 669 enim
928 611 961 668 in
987 611 1070 670 illius
1094 631 1208 670 exem·-

169 703 248 778 plan‘
276 703 432 780 legebatur
460 696 578 778 (nempe
608 700 730 758 extabat
752 699 784 758 in
810 700 984 777 apographo
1011 700 1191 773 Mariniano,

171 792 250 867 quod
274 811 309 849 ex
331 791 385 849 illo
409 790 590 866 exscriptum
613 781 682 869 est),
704 791 737 846 in
755 788 916 848 editionem
933 789 1065 865 recipere
1084 788 1191 862 noluit,

171 881 253 938 cuius
281 879 402 937 initium
429 878 467 938 ab
490 878 605 937 Allatio
634 878 831 953 compositum
861 897 952 953 supra
979 897 1190 937 commemora·

168 987 274 1028 vimus.

236 1057 283 1115 Ex
312 1056 377 1132 ipso
409 1059 510 1116 autem
540 1057 639 1116 codice
669 1056 698 1114 A
726 1055 880 1116 Lambecii
909 1059 996 1116 notas
1027 1057 1189 1132 exscriptas

170 1165 242 1221 esse,
270 1146 333 1204 veri
358 1165 448 1222 quam
470 1146 597 1204 maxime
622 1148 667 1204 est
694 1146 799 1205 simile.
845 1145 1015 1204 Parisinum
1041 1147 1120 1204 certe
1146 1164 1190 1203 co·

171 1235 267 1292 dicem
288 1233 412 1294 Parisiis
434 1234 580 1310 inspicere
605 1268 646 1274 —
669 1235 702 1292 id
726 1235 804 1311 quod
827 1235 948 1293 volebat
971 1233 1125 1294 Schowius
1150 1266 1189 1274 —

171 1324 259 1381 illum
286 1343 364 1383 anno
395 1325 479 1382 1653
508 1342 568 1382 non
595 1324 742 1400 potuisse,
774 1323 886 1400 quippe
915 1324 966 1400 qui
994 1323 1086 1382 codex
1113 1341 1189 1382 auno

174 1413 258 1471 1706
287 1413 319 1470 iu
346 1412 558 1472 bibliothecam
585 1413 700 1491 regiam
726 1412 830 1472 illatus
858 1416 948 1487 esset,
976 1412 1190 1471 demonstravit

171 1500 282 1560 Hasius
306 1520 410 1560 comm.
433 1522 462 1577 p.
480 1501 614 1559 XXXIX.
659 1521 713 1560 nec
736 1502 834 1560 miuus
857 1501 1037 1579 negaverim,
1061 1501 1190 1560 codicem

171 1590 198 1647 B
222 1609 240 1647 a
262 1590 422 1649 Lambecic
451 1590 619 1648 adhibitum
647 1610 723 1664 esse,
751 1610 819 1649 cum
844 1591 877 1649 in
898 1591 1014 1668 Bigctii
1041 1592 1188 1666 potestate

172 1682 349 1738 versaretur.
399 1679 536 1755 quamvis
568 1680 649 1738 enim
679 1699 738 1738 uno
770 1679 836 1739 loco
864 1679 1039 1738 Lambeoius
1072 1698 1140 1738 cum
1166 1678 1189 1735 B

173 1767 280 1842 faciat,
311 1787 371 1826 non
399 1786 467 1826 cum
488 1768 517 1826 A
545 1760 589 1848 (p.
609 1771 666 1843 32,
686 1771 727 1828 14
754 1772 883 1828 καλεῖται
909 1767 1054 1842 BLamb,
1084 1772 1190 1829 καλου-

174 1853 247 1933 μένη
270 1848 328 1938 Α),
355 1859 457 1916 tamen
477 1857 566 1918 huius
589 1858 726 1917 lectionis
754 1857 966 1916 auctoritatem
990 1858 1106 1916 nullam
1130 1876 1189 1917 esse

173 1948 257 2021 puto,
277 1946 357 2021 quod
374 1946 458 2005 facili
476 1947 530 2005 illa
550 1947 781 2006 commutatione
800 1946 959 2021 oriebatur,
978 1946 1031 2004 ubi
1049 1946 1095 2022 iis,
1116 1965 1191 2022 quae

174 2039 369 2110 excerpserat,
391 2035 502 2113 integri
521 2036 669 2095 enuntiati
687 2035 815 2111 speciem
834 2036 976 2111 praebere
993 2035 1091 2094 voluit
1105 2035 1189 2094 Lam-

173 2124 282 2184 becius.
329 2125 515 2184 coniecturae
539 2129 653 2200 autem,
681 2125 790 2184 adiisse
816 2124 903 2182 illum
929 2125 1060 2184 codicem
1081 2124 1191 2183 Barbe-
1246 2183 1247 2186 ,

173 2214 283 2288 rinum,
305 2214 397 2288 favet,
425 2214 505 2290 quod
527 2214 559 2272 in
583 2214 712 2290 epistula
734 2213 918 2273 dedicatoria
942 2213 1124 2272 (lodinianae
1148 2211 1191 2270 iili

175 2301 301 2360 editioni
332 2303 498 2378 praemissa
528 2324 556 2379 p.
582 2303 629 2361 III
660 2303 798 2362 laudibus
831 2302 949 2361 extollit
980 2302 1190 2361 bibliothecam

174 2390 385 2466 Barberinam,
413 2386 485 2467 ‘qua
512 2395 582 2468 post
603 2392 784 2451 Vaticanam
810 2392 886 2449 nihil
909 2391 1005 2450 Roma
1032 2391 1190 2468 perfectius

175 2473 306 2554 habeat',
334 2498 460 2557 cumque
488 2501 516 2556 p.
536 2481 564 2538 V
586 2481 618 2539 in
646 2482 716 2540 aula
738 2480 891 2540 Francisci
912 2479 1071 2539 Barbarini
1099 2479 1191 2539 cardi·

175 2566 253 2626 nalis
280 2567 339 2628 viri
367 2573 582 2628 commoratum
609 2590 640 2630 se
668 2589 731 2630 esse
759 2572 899 2644 testetur,
928 2569 1016 2628 valde
1038 2568 1190 2644 probabile

176 2659 231 2731 est,
253 2656 450 2717 Barbarinum
474 2659 605 2719 codicem
628 2679 695 2718 eum
719 2677 791 2733 esse,
814 2678 903 2735 quem
925 2658 1089 2734 inspexerit
1106 2658 1190 2717 Lam·

175 2745 285 2804 becius.
330 2747 508 2807 festinanter
531 2751 632 2807 autem
654 2748 706 2806 ille
730 2748 937 2824 apographum
960 2765 1048 2807 suum
1067 2745 1191 2807 confecit

177 2827 377 2915 (p.129,10
400 2835 600 2915 αἰνιττόμενον
621 2836 724 2895 Lamb.
748 2855 802 2912 pro
827 2833 1030 2913 αἰνιττόμενοι,
1056 2839 1095 2895 11
1120 2833 1191 2894 veci-

176 2944 248 2984 τατα
269 2943 325 2999 pro
348 2921 506 3003 νεώτατον)
531 2945 625 3002 neque
650 2925 827 2985 coniecturis
845 2925 979 3000 pepercit
1003 2916 1046 3005 (p.
1069 2926 1153 2994 15,4
1176 2942 1189 2981 e

178 3031 231 3076 suo
260 3011 309 3072 διὰ
336 3021 422 3072 τοῦτο
449 3014 578 3090 addidit,
608 3035 636 3090 p.
658 3016 791 3089 159,13
820 3012 875 3092 τὴν
902 3013 1047 3091 λειοτάτην
1075 3012 1190 3089 scripsit
1244 3074 1245 3091 ,

177 3121 232 3177 pro
256 3100 307 3162 τὸν
331 3095 501 3185 λεντάτην);
531 3103 718 3180 quinetiam
745 3103 821 3162 falso
845 3103 935 3162 titulo
964 3106 1052 3163 ornat
1074 3102 1190 3179 prolata

178 3211 208 3266 p.
228 3192 316 3267 15‚1
343 3183 394 3271 (ex
412 3192 475 3251 Ioh.
494 3193 572 3269 Lydi
595 3190 662 3273 περὶ
685 3189 781 3273 ἀρχῶν
804 3184 988 3274 πολιτικῶν),
1012 3212 1070 3268 quo
1093 3192 1135 3267 fit,
1158 3192 1191 3248 ut

177 3279 260 3338 illius
282 3281 424 3340 lectiones
443 3282 482 3340 ad
500 3283 684 3341 restituenda
703 3281 840 3358 Lydiaua
859 3281 949 3342 verba
969 3281 1046 3340 nihil
1064 3282 1191 3340 valeant.

246 3368 405 3429 Difficilior
427 3370 489 3429 iam
515 3390 562 3430 res
586 3376 644 3447 est,
673 3391 740 3430 cum
768 3371 949 3448 quaerimus,
977 3370 1096 3429 cuinam
1117 3366 1191 3430 fonti

180 3455 325 3534 originem
348 3459 455 3520 debeat
478 3461 570 3520 codex
590 3461 625 3519 B.
663 3460 750 3520 huius
769 3461 908 3536 propriae
927 3463 997 3519 sunt
1015 3463 1105 3519 notae
1123 3459 1189 3516 illae

180 3546 308 3624 margini
331 3549 460 3626 additae,
484 3549 590 3626 quibus
614 3550 653 3609 ad
676 3548 751 3609 alios
770 3553 905 3609 auctores
923 3550 1076 3627 relegatur
1093 3550 1191 3608 lector.
