2530 3988
336 187 445 242 LIBER
463 186 640 253 QUARTUS.
668 187 859 244 AUGUSTUS
1043 187 1107 252 155

98 351 263 436 ἤλεκτρον·
291 349 310 416 ὁ
335 347 372 415 δέ
398 351 533 436 τυφὼν
559 352 716 438 πυρώδης
742 348 797 414 καλ
821 351 1008 435 αἱματώδης
1031 355 1148 436 φαί-Χ

97 479 182 520 νεται
205 455 259 521 καλ
283 457 424 534 λεπτούς
446 481 539 534 τινας
566 460 772 544 διαρραίνοιν
796 457 1000 541 πλοκάμους·
1028 458 1046 523 ὁ
1070 455 1108 523 δὲ

96 563 280 648 κεράστης
304 565 402 647 δίκην
425 567 564 649 σελήνης
585 565 806 650 κερατοειδής,
835 562 882 647 ὃς,
907 563 1005 646 ἡνίκα
1026 562 1107 650 Ξέρ-

96 665 148 751 ξης
169 670 252 734 κατά
275 678 333 754 τῆς
350 668 498 753 Ἀττικῆς
520 666 642 754 ἦλθεν,
670 669 799 753 λέγεται
827 679 983 754 φανῆναι.
1029 669 1047 734 ὁ
1071 666 1108 735 δὲ
1123 680 1172 736 XS

96 778 299 860 Πτολεμαῖος
322 774 359 841 έν
382 787 452 853 τοῖς
471 778 555 863 πρὸς
573 777 691 863 Σύρον
714 775 804 865 αύτςῖ
827 785 983 861 γραφεῖσι
1006 792 1106 861 προσ·
1135 803 1147 843 ε

94 884 205 966 τίθησι
239 881 295 948 καὶ
331 881 447 970 ἕτερον
481 879 571 960 εἶδος
603 886 750 968 κομήτου
781 882 990 968 καλούμενον
1017 883 1108 948 σάλ-

50 996 309 1074 RrIII41myya,
333 994 486 1075 φαίνεται
505 988 542 1056 δὲ
556 993 638 1056 κατά
656 991 694 1055 τὸ
713 990 864 1078 ἀρκτςῖον
877 993 985 1074 κλίμα.
1018 990 1051 1054 ολ
1070 986 1108 1054 δέ
1121 1000 1179 1054 ΧΥ

93 1100 232 1179 φυσικοί
252 1113 367 1181 φασιν,
391 1098 435 1174 ώς
454 1103 669 1162 συνίστανται
688 1098 721 1162 ολ
740 1106 880 1181 κομῆται
898 1095 936 1162 έν
954 1107 1023 1172 τοῖς
1041 1096 1107 1162 ὑπὸ

93 1207 235 1289 σελήνην
256 1206 393 1280 κόλποις
416 1203 568 1289 ἀστρώδη
592 1205 668 1268 τινὰ
695 1204 801 1288 φύσιν
829 1203 1107 1288 ἐπιδεικνύμενοι·

92 1309 131 1374 οὐ
153 1312 219 1396 μάρ
243 1311 329 1375 εἰσιν
352 1308 494 1398 ἀστέρες,
519 1309 604 1377 ἀλλά
626 1312 838 1396 θρομβώσεις
860 1307 949 1386 τινὲς
972 1309 1004 1388 ἐξ
1028 1309 1107 1374 ἀνα·
1122 1339 1148 1378 10

91 1419 282 1502 δυμιάσεως
304 1425 362 1500 τῆς
385 1427 445 1501 γῆς
472 1417 748 1503 ἀποτελούμεναι,
777 1411 825 1482 ών
851 1417 871 1500 ἡ
895 1415 1024 1499 γένεσις
1046 1413 1107 1501 μέν

91 1522 122 1602 ἐξ
152 1521 252 1609 ἀέρος
278 1533 338 1588 τοῦ
366 1525 449 1589 κατά
476 1524 632 1608 συναφὴν
659 1521 1034 1608 ένκαταλαμβανομένου
1060 1531 1107 1611 τῷ

91 1629 216 1715 αίθέρι·
250 1631 333 1696 ὅθεν
363 1628 419 1695 καὶ
452 1633 614 1715 ἰσοταχεῖς
647 1630 736 1718 αὐτῷ
768 1629 864 1716 μέχρι
897 1631 1107 1706 διαπτώσεοις
1121 1643 1147 1695 Y

91 1736 403 1823 συμπεριφέρονται.
451 1735 507 1803 καὶ
539 1737 637 1821 ἡνίκα
669 1734 731 1822 μέν
761 1738 823 1821 τήν
853 1737 952 1822 ῥύσιν
984 1734 1037 1801 ἐπὶ
1069 1737 1107 1801 τὸ

89 1845 177 1909 κάτω
202 1843 391 1929 φερομένην
414 1847 499 1929 ἔχων
520 1844 538 1909 ὁ
557 1846 661 1930 αλθὴρ
680 1848 914 1930 περιληφθείη,
936 1847 1107 1927 πωμιονίαι
1122 1871 1147 1911 15

89 1974 123 2016 τε
143 1948 202 2016 καὶ
220 1953 319 2016 πίθοι
338 1950 588 2034 ἀποτελοῦνται,
610 1951 710 2035 ἡνίκα
728 1948 766 2016 δέ
783 1954 941 2035 πλαγίως,
959 1959 1107 2034 κομῆται.

89 2058 207 2143 τάχιον
234 2053 272 2121 δὲ
298 2058 331 2123 ολ
357 2061 544 2142 πώμωνίαι,
574 2061 660 2123 πολὺ
691 2054 728 2123 δὲ
757 2055 813 2122 καὶ
842 2059 970 2125 τούτων
992 2057 1108 2140 τάχιον

88 2168 188 2230 πίθοι
211 2187 246 2229 τε
269 2162 324 2229 καλ
347 2165 477 2241 δοκίδες
501 2164 725 2231 ἐκπίπτουσιν.

44 2277 118 2336 IV74
163 2269 236 2334 117.
260 2270 334 2335 Δύο
359 2272 476 2348 Πάνάς
503 2287 593 2355 φασι.
638 2268 728 2348 τινὲς
755 2270 795 2336 δέ
819 2288 902 2355 φασι
927 2272 987 2336 τὸν
1010 2275 1147 2337 ΠᾶναΧ

89 2377 125 2442 ἐκ
147 2379 287 2463 Κρόνου
313 2375 368 2442 καλ
387 2376 475 2454 Ῥέας
502 2376 675 2462 γενέσθαι,
703 2375 778 2442 ἀντὶ
805 2386 866 2443 τοῦ
894 2376 930 2441 έκ
957 2385 1018 2442 τοῦ
1045 2385 1109 2441 νοῦ
1123 2407 1149 2445 ιο

89 2481 144 2548 καὶ
169 2491 226 2567 τῆς
249 2484 354 2570 ὑγρᾶς
377 2483 503 2568 οὐσίας,
527 2475 602 2550 οἷον
624 2493 682 2568 τῆς
704 2485 821 2569 ὑλικῆς
844 2483 1010 2569 ἀπειρίας,
1032 2484 1109 2548 τόδε

89 2613 126 2656 το
151 2599 227 2655 πᾶν.

42 2711 71 2761 75
161 2696 233 2761 118.
265 2695 546 2782 ’Λποτρεπόμενος
578 2706 639 2763 τοῦ
673 2699 756 2763 κατὰ
786 2703 929 2782 Περσῶν
961 2695 1109 2780 πολέμου

163 2907 186 2942 v.
204 2894 221 2942 ῖ
238 2888 430 2945 Ptolemaeus:
454 2889 608 2945 Tetrabibl.
628 2889 667 2959 11,
687 2895 703 2943 8
727 2888 745 2945 f.
766 2895 829 2959 23¹,
854 2888 888 2943 cf.
906 2889 976 2958 Lyd.
1001 2888 1037 2941 de
1056 2890 1108 2942 ost.

89 2979 117 3030 p.
133 2965 168 3021 32
187 2959 374 3014 Wachsmuth

164 3156 188 3192 v.
207 3143 220 3190 1
240 3137 337 3208 τύφων
356 3139 398 3207 Χ,
422 3139 518 3208 τυφών
536 3138 678 3192 Wachsm.
787 3145 804 3191 4
823 3137 838 3193 δ
857 3136 888 3192 δὲ
902 3169 937 3177 -
953 3143 968 3190 ‘I
988 3133 1070 3206 κλίμα
1090 3136 1112 3191 S

90 3214 107 3262 ό
127 3207 159 3263 ἐν
176 3217 283 3272 τοῖς-
316 3219 429 3280 ραφεῑσι
443 3208 521 3264 omis.
532 3211 564 3263 X
579 3213 582 3280 ἡ
599 3218 730 3280 γραφεῖσι
745 3207 838 3277 ἕτερον
852 3205 1020 3277 προστίθησι
1034 3203 1109 3269 ελδος

91 3279 114 3335 S
183 3285 198 3333 7
217 3277 260 3336 ὅτι
279 3231 315 3336 οἴ
324 3289 443 3351 κομῆται
461 3280 492 3336 έν
509 3290 569 3343 τοῖς
587 3281 643 3336 δπδ
662 3279 779 3350 σελήνην
797 3277 911 3341 κόλποις
929 3277 1108 3334 συνίστανται

90 3351 219 3422 ἀστρώδη
234 3383 269 3392 -
285 3358 317 3406 18
337 3349 517 3407 ἐκπίπτουσιν
536 3352 566 3405 Y
634 3357 650 3406 8
668 3369 758 3476 φασιν
777 3350 854 3406 omis.
870 3351 897 3404 Β
970 3355 1003 3402 10
1023 3349 1048 3403 εἰ
1062 3367 1109 3404 συ-

90 3439 162 3476 ναστ
178 3423 215 3491 Α,
235 3423 260 3477 εί
277 3421 441 3494 συναστέρες
458 3424 507 3494 A„
527 3423 597 3478 εἰσὶν
615 3423 667 3477 ἀστ
682 3441 728 3492 ρες
745 3423 783 3493 Α,
804 3438 892 3491 marg.
911 3422 939 3474 Β
1012 3426 1045 3473 12
1065 3420 1109 3491 ἐγ-

90 3492 365 3565 καταλαμβανομένω
384 3495 412 3548 Β
485 3500 517 3547 13
537 3491 641 3563 αἰθέρι.
666 3497 719 3548 cet.
739 3493 795 3548 des,
811 3493 843 3546 X
914 3497 947 3544 1⁷
965 3493 1062 3546 πολλοὶ
1081 3492 1112 3545 F

92 3569 126 3617 23
146 3563 388 3634 ἀποτραπόμενος
407 3566 442 3634 Β,
462 3564 492 3618 in
509 3581 597 3635 marg.
618 3565 672 3620 oio.
693 3565 731 3619 αά
748 3565 805 3620 Αῖῖ.
1081 3573 1084 3578 ’
