2556 3996
340 179 450 234 ιωοει
468 178 645 244 QUARTUS.
673 180 874 235 IANUARIUS
1075 153 1125 244 69¹

92 343 212 427 ὥσπερ
235 339 314 408 οὐδὲ
336 344 497 429 κεραυνὸς
520 343 605 409 ὅπου
625 352 719 428 σνκίχ,
743 342 901 410 ἀλλὰκαὶ
921 345 1209 427 σκεδαστικὴΧΡΒ

94 451 283 534 φασμάτων
314 449 395 514 ἐστί·
427 450 530 535 ταύτη
559 474 611 515 τοι
637 449 693 516 καὶ
722 452 754 515 ολ
783 448 825 515 δι’
854 449 995 536 ὀνείρων
1022 453 1118 527 θείας
1180 533 1182 541 Ι

91 567 213 640 τυχεῖν
251 555 448 641 ἐπιφανείας
487 557 691 641 ἰμειρόμενοι
730 557 876 642 ἰσχάδων
911 554 967 622 καὶ
1004 559 1118 642 μόνων

93 664 419 748 μεταλαμβάνουσιν.
452 662 523 729 ἐπεὶ
542 659 579 728 δὲ
597 662 652 728 καὶ
672 664 783 748 φύλλα
802 664 932 747 δάφνης
949 665 1030 748 μετδι
1048 673 1117 728 τῶν
1130 672 1183 727 ΧΡ

31 779 152 834 RrIV5
173 771 318 855 ἰσχάδων
339 770 611 852 σννεπεδίδοντο,
635 769 833 855 ἐπεκράτησε
855 768 950 856 μέχρι
973 768 1029 835 καὶ
1051 777 1117 836 νῦν
1145 795 1157 836 ι

93 875 118 959 ἡ
145 878 323 960 συνηθεια,
347 875 384 942 ἐν
405 887 475 953 τοῖς
498 875 646 960 ἀγγείοις
667 887 735 942 τῶν
759 877 905 961 ἰσχάδων
926 874 982 941 καὶ
1006 877 1117 961 φύλλα

96 985 230 1068 δάφνης
258 983 490 1067 ἐμβάλλεσθαι.
541 982 684 1068 διέμεινε
714 981 751 1049 δὲ
782 985 869 1069 ὅμως
899 985 937 1049 τὸ
969 986 1050 1060 ἔθος
1082 984 1118 1049 ἐκ
1132 995 1158 1048 X

95 1092 204 1174 μόνης
241 1090 398 1176 εὐπορίας
433 1089 627 1174 ἐναλλαγέν·
666 1089 741 1156 ἀντὶ
775 1088 838 1177 μὲν
874 1093 938 1177 γάρ
971 1091 1118 1175 ἰσχάδων

95 1195 274 1262 ἐπιδίδωσι
292 1200 436 1281 πόπανα,
456 1196 530 1263 ἀντὶ
549 1194 587 1262 δὲ
604 1208 673 1263 τῶν
692 1198 831 1281 φύλλων
849 1200 998 1284 χρυσίον.
1035 1203 1117 1263 πλα-

94 1312 242 1380 κοῠντας
274 1300 311 1368 δὲ
337 1302 488 1388 Ῥωμαῖοι
517 1305 558 1368 τά
590 1303 625 1369 ἐκ
655 1304 787 1388 μέλιτος
816 1307 949 1370 πόπανα
977 1310 1118 1370 καλοῦσι
1132 1330 1159 1369 ιο

96 1411 156 1475 διὰ
179 1411 217 1475 τὸ
241 1409 278 1475 ἐν
301 1415 490 1498 Πλακεντίηι
512 1421 551 1496 τῇ
574 1413 670 1476 πόλει
692 1420 751 1495 τῆς
764 1410 905 1487 Ἰταλίας
927 1422 1062 1497 πρῶτον
1085 1409 1118 1489 ἐξ

92 1515 266 1600 Ἑλλήνων
289 1516 309 1599 ἢ
333 1521 461 1602 μᾶλλον
488 1516 524 1581 ἐκ
547 1521 687 1602 Σαμίων
714 1519 776 1602 τὴν
803 1518 962 1601 τοιαύτην
990 1516 1119 1600 ἐδωδὴν

95 1629 297 1709 παρελθεῖν,
320 1622 375 1688 καί
399 1625 456 1688 διά
478 1633 576 1689 τοῦτο
601 1624 706 1701 οὕτως
729 1622 898 1708 λέγεσθαι,
921 1625 966 1699 ὡς
992 1628 1119 1710 Ταραν-

96 1741 174 1796 τίνα
198 1730 263 1795 άπὸ
291 1731 459 1816 Τάραντος
481 1729 537 1795 καὶ
555 1732 752 1815 Κανονβικά
775 1730 839 1796 άπὸ
858 1731 1041 1814 Κανοάβου
1063 1729 1119 1795 καὶ

96 1839 219 1903 Κοπτδι
250 1836 314 1902 ἀπὸ
342 1841 489 1902 Κοπτοῦ.
538 1839 667 1921 Σάμιος
703 1837 742 1902 δέ
771 1862 822 1915 τις
853 1821 984 1923 πρῶτος
1012 1841 1118 1921 μέλιτι
1134 1863 1159 1904 15

98 1945 255 2030 φωράσας
283 1946 387 2030 άρτον
414 1945 632 2010 κατεσκεύασε
654 1948 752 2009 Δίων
774 1943 829 2009 καὶ
852 1946 914 2028 τὴν
937 1943 1120 2028 λεγομένην

99 2053 245 2134 σίσαμον
259 2048 391 2135 ἐξεῦρεν
410 2049 447 2115 ἐν
465 2059 504 2136 τῇ
519 2051 635 2138 Σάμφ·
656 2052 740 2117 ὅθεν
754 2050 810 2116 καὶ
825 2047 983 2134 συγγενὲς
997 2068 1120 2137 προση-

98 2158 200 2241 γορία
222 2164 283 2219 τοῦ
305 2165 435 2241 καρποῦ
457 2156 495 2220 τὸ
518 2160 651 2242 χωρίον.

67 2283 81 2330 6
168 2260 200 2326 5.
227 2259 402 2345 Ἐδέχοντο
433 2258 470 2326 δὲ
498 2261 552 2327 ἐπὶ
579 2271 637 2346 τῆς
661 2262 783 2348 Ῥώμης
815 2265 848 2329 ολ
880 2265 1121 2350 αὐτοκράτορες

100 2371 263 2454 φιλήματι
281 2371 360 2445 τοὺς
379 2370 541 2453 άρχοντας
559 2370 643 2455 πρὸς
661 2372 761 2454 τιμὴν
780 2370 983 2457 ἐλευθερίας,
1002 2371 1121 2436 άπελα-
1135 2396 1162 2434 εο

100 2476 234 2543 θέντων
265 2486 333 2539 τῶν
369 2476 545 2561 τυράννων
582 2478 638 2542 διά
673 2478 829 2563 Βρούτου
865 2485 925 2542 τοῦ
954 2476 1122 2562 Ῥωμαίων

101 2586 239 2651 ὑπάτου.

58 2704 134 2758 11117
172 2691 202 2754 6.
221 2688 292 2754 Ὅτι
322 2689 413 2775 ἱερὸν
440 2688 523 2753 κατὰ
545 2689 605 2755 τὸν
622 2687 812 2774 Ἰάμβλιχον
840 2688 857 2754 ὁ
882 2690 1015 2775 δράκων
1038 2690 1120 2756 ἐστί·
1134 2699 1183 2752 YS

172 2866 197 2901 v.
213 2853 248 2900 24
261 2847 525 2914 πνευματικώτατον
540 2878 574 2886 -
588 2865 615 2915 p.
632 2852 674 2914 70,
687 2851 720 2898 12
735 2844 975 2916 σομπαρείληπται
988 2847 1122 2917 leguntur

103 2919 132 2974 in
141 2917 258 2972 Eusebii
271 2934 367 2987 praep.
382 2933 422 2972 ev.
432 2917 454 2986 1,
470 2923 512 2986 10,
521 2923 566 2986 46,
583 2916 616 2971 ολ,
628 2916 748 2984 Traube,
762 2917 931 2972 Libamenta
941 2917 1040 2972 critica
1048 2937 1075 2988 p.
1087 2924 1121 2972 25

172 3079 197 3114 v.
218 3066 232 3113 1
254 3058 322 3114 ἀλλὰ
341 3060 402 3131 καλ]
421 3056 464 3114 ὅτι
479 3059 537 3114 Xs
607 3065 622 3112 2
642 3057 799 3128 φαρμάκων
813 3060 884 3126 ΧΡ,
902 3057 1055 3128 φασμάτων
1075 3059 1121 3184 δὲ

103 3132 188 3201 ταίτη
213 3130 240 3220 ρί
263 3131 321 3186 XS
391 3137 407 3184 3
428 3128 590 3201 ὀρεγόμενοι
614 3130 657 3198 Χ,
674 3128 854 3220 Ιίμειρόμενοι
873 3130 927 3185 Ps
953 3131 969 3218 λ’
987 3128 1097 3222 μόνονὶ

104 3201 182 3258 4δτι
201 3204 231 3257 δε
255 3202 346 3271 φάλλα
366 3202 408 3270 Χ,
433 3201 493 3255 ἐπεὶ
516 3199 548 3255 δὲ
570 3201 620 3255 καί
642 3203 733 3269 φνλλα
752 3203 780 3254 Ρ
849 3207 914 3268 4sq.
934 3203 1046 3270 δαφνης
1069 3218 1121 3256 συν

105 3276 151 3366 ιχαλ
164 3283 226 3366 τάῑς
245 3271 355 3344 ἰσχάσιν
369 3270 525 3340 ἐπεδίδοτο,
544 3273 670 3340 φανερὸν
687 3271 718 3326 ἐκ
730 3281 781 3362 χοῦ
796 3270 875 3342 μέχρι
889 3273 936 3325 καί
950 3280 1004 3360 νῦιχ
1017 3270 1048 3326 ἐν
1063 3281 1122 3334 τοῖς
1186 3326 1188 3330 .

105 3365 226 3417 αγγειοις
244 3347 300 3398 κτλ.
315 3345 347 3397 Χ
419 3350 433 3397 7
454 3342 484 3398 ἐκ
499 3341 652 3423 συνηθείας
668 3342 853 3415 ἐμβάλλεσθαι
868 3343 900 3396 Χ
914 3345 918 3412 1
934 3341 1121 3424 ἐμβάλλεσθαι

107 3420 155 3472 eet.
171 3416 228 3470 des.
239 3416 268 3470 P
300 3485 306 3506 ἱ
329 3420 345 3468 9
361 3412 509 3504 ἐπιδίδωσι,
516 3415 555 3538 ξ,
570 3413 629 3467 sed.
644 3414 676 3468 τὸ
686 3413 766 3484 ἐθος;
777 3412 940 3506 ’ἐπιδιδόασι
955 3416 1068 3483 εοειρειλ
1077 3415 1121 3508 Rs

106 3494 313 3629 {mm
327 3487 360 3540 X
378 3488 508 3612 231δτιὸιδ
528 3485 974 3628 δέάάωνδιτίνέδμάίἰίιίδξάίδίῃίί
1023 3492 1056 3541 18
1070 3506 1121 3541 του
