2524 3984
523 215 729 272 PRAEFATIO
1072 217 1137 273 XXI

110 383 314 459 mentionem,
337 385 441 444 statim
463 385 663 460 proferamus,
687 403 765 460 quae
788 385 824 444 de
848 404 882 445 eo
906 389 975 445 sunt
1002 386 1134 446 dicenda.

111 493 190 533 nam
212 476 331 549 praeter
354 492 403 550 ea,
431 492 508 550 quae
535 473 737 533 intercedente
760 475 859 533 codice
883 475 985 551 aliquo
1009 494 1135 552 apogra-

112 563 248 640 phorum
269 563 297 621 R
320 565 350 621 et
374 561 626 622 lisohendoxfiaui
648 563 794 639 persimili
821 564 859 623 ad
885 563 972 623 illum
994 583 1135 640 pervene-

113 654 204 727 runt,
228 671 319 710 unum
346 654 466 710 tantum
498 650 607 710 Suidae
638 654 808 727 excerptum
837 653 875 710 ad
898 652 1136 712 Laurentianum

112 741 229 800 librum
261 741 296 798 de
328 739 478 799 mensibus
509 739 628 799 videtur
658 740 763 799 redire.
809 741 950 801 describit
981 742 1060 800 euim
1087 741 1135 801 hie

112 848 138 889 s.
165 849 193 886 v.
217 831 382 907 Μαϊουμᾶς
404 833 466 888 tros
488 829 598 888 veteris
622 829 692 888 anni
715 830 819 889 ferias:
846 830 1022 906 Maiumam,
1044 850 1134 906 pane-

112 918 255 997 gyridem
278 919 395 998 βρντῶν
419 917 456 976 ab
479 917 639 978 Anastasio
662 918 843 995 imperatore
867 919 1025 994 sublatam,
1048 937 1135 979 canes

114 1027 133 1068 a
159 1007 302 1066 Romanis
325 1007 463 1084 Augusto
485 1025 586 1067 meuse
613 1010 742 1067 necatos.
790 1009 932 1084 quoniam
962 1013 1062 1068 autem
1088 1008 1135 1068 his

111 1095 234 1156 duabus
265 1095 348 1155 feriis
379 1096 455 1154 nihil
488 1115 555 1156 cum
577 1096 712 1155 Maioma
744 1100 802 1172 est,
834 1099 870 1156 ut
902 1096 1013 1157 Suidae
1044 1098 1135 1157 verba

111 1185 312 1262 explicemus,
341 1203 493 1244 sumamus
520 1204 638 1245 necesse
667 1188 725 1260 est,
753 1205 802 1245 eas
830 1186 892 1244 iam
918 1186 951 1244 in
974 1205 1018 1262 eo,
1047 1206 1135 1263 quem

111 1273 250 1350 inspexit
270 1274 332 1348 ille,
355 1277 477 1334 auctore
501 1274 672 1334 coniunctas
696 1274 796 1334 fuisse.
834 1279 865 1334 et
883 1275 921 1334 ab
939 1275 995 1335 hoc
1014 1275 1135 1351 quidem

113 1365 241 1423 auctore
264 1362 432 1422 adhibitum
456 1381 519 1422 esse
541 1362 619 1439 Lydi
648 1364 823 1440 opusculum
850 1364 886 1423 de
912 1364 1063 1424 mensibus
1086 1365 1134 1423 de·

112 1453 304 1512 monstratur
341 1470 389 1526 e0‚
431 1451 511 1528 quod
550 1451 628 1511 ratio
671 1452 854 1512 enarrandae
894 1453 991 1512 caedis
1028 1473 1135 1512 canum

113 1540 268 1601 consentit
299 1559 367 1600 cum
397 1540 449 1615 iis,
486 1559 564 1616 quae
601 1540 681 1617 apud
713 1541 909 1600 Laurentium
940 1562 967 1618 p.
994 1544 1072 1616 152,
1092 1545 1133 1600 22

113 1631 269 1707 legrmtur.
322 1629 516 1705 quamobrem
544 1629 628 1706 Lydo
663 1648 699 1689 ea
733 1650 854 1706 quoque
883 1630 1043 1689 tribuenda
1072 1649 1135 1689 esse

113 1719 207 1793 duxi,
236 1738 314 1795 qnae
344 1718 380 1777 de
407 1717 556 1778 Maiumae
577 1718 668 1778 ¹feriis
692 1723 866 1779 narrantur:
899 1719 1027 1778 occurrit
1057 1719 1135 1777 enim

113 1807 270 1869 Maiumae
300 1826 407 1866 nomen
437 1827 465 1883 p.
498 1808 615 1882 133,2,
649 1806 702 1866 ubi
731 1808 804 1884 quid
834 1807 891 1866 sibi
920 1809 1015 1868 velint
1043 1807 1135 1885 feriae

113 1897 190 1956 illae
222 1915 282 1954 non
310 1896 373 1954 iam
401 1897 571 1973 legebatur,
608 1915 687 1956 nune
716 1897 856 1956 lacunam
887 1916 903 1955 e
932 1895 1026 1955 Suida
1055 1898 1134 1955 recte

113 1985 289 2062 suppletam
312 2003 375 2044 esse
398 2003 493 2062 spero.
530 2004 627 2060 neque
645 1985 710 2044 veri
733 1989 779 2045 est
797 1985 948 2060 dissimile,
970 1985 1033 2058 illa,
1058 2003 1135 2060 quae

113 2075 153 2134 de
178 2075 341 2150 Brytorum
363 2073 446 2133 feriis
469 2074 506 2132 ab
529 2073 690 2133 Anastasio
717 2073 897 2150 imperatore
917 2065 1136 2156 (491-518)1

113 2162 247 2224 sublatis
270 2165 374 2240 agunt,
397 2165 428 2222 et
445 2163 512 2239 ipsa
525 2162 688 2223 Laurentio
708 2182 770 2222 esse
788 2162 956 2237 tribuenda,
979 2181 1046 2221 cum
1064 2181 1134 2221 vero

113 2253 221 2312 nullus
253 2251 341 2311 hodie
373 2255 489 2311 extaret
520 2253 603 2311 locus
636 2251 707 2310 libri
736 2251 945 2327 laurentiani,
977 2251 1029 2309 ubi
1060 2250 1136 2310 talia

114 2340 261 2400 excidisse
284 2343 411 2416 pateret,
440 2341 551 2400 rectius
580 2341 636 2400 illa
659 2340 824 2400 omittenda
848 2359 911 2399 esse
941 2339 1026 2399 duxi:
1054 2340 1135 2400 dicat

114 2430 200 2491 enim
222 2429 350 2490 fortasse
374 2429 537 2506 quispiam,
567 2448 602 2488 ea
632 2428 669 2489 ab
698 2430 802 2506 ignoto
832 2430 885 2489 illo
916 2432 1052 2504 auctore,
1082 2429 1135 2505 qui

113 2520 198 2578 inter
219 2519 339 2595 Lydum
362 2522 392 2579 et
415 2517 539 2578 Suidam
561 2519 737 2594 intercessit,
759 2518 862 2578 addita
885 2537 957 2577 esse.

187 2607 245 2667 Sed
266 2626 327 2667 non
355 2609 453 2668 solum
480 2627 545 2682 eae,
576 2626 652 2684 quae
680 2608 810 2684 primum
838 2607 918 2683 quod
945 2606 1134 2666 distinximus
1162 2615 1253 2666 singen

115 2700 210 2774 caput
239 2695 348 2758 codicis
375 2697 402 2755 R
432 2699 614 2773 componunt
644 2697 839 2774 paragraphi,
871 2697 902 2754 in
932 2695 1134 2771 compluribus
1149 2672 1261 2772 miii?

115 2785 269 2846 codicibus
301 2785 392 2844 medii
420 2786 487 2845 aevi
513 2787 649 2846 servatae
679 2785 764 2847 nobis
794 2788 877 2860 sunt,
909 2803 1014 2843 verum
1044 2784 1135 2842 etiam
1149 2776 1258 2826 ‘¹⁰⁹¹0m1’

115 2875 200 2934 haud
217 2893 315 2950 pauca
333 2893 445 2949 eorum,
469 2874 577 2951 quibus
597 2874 738 2950 quintum
756 2875 849 2950 caput
867 2871 1030 2948 conficitur,
1054 2873 1134 2949 frag-

115 2966 288 3023 mentorum
311 2983 327 3022 e
349 2963 426 3022 libro
445 2963 481 3021 de
499 2963 649 3022 mensibus
669 2963 913 3039 depromptorum
931 2961 964 3020 in
983 2961 1134 3020 nonnullis

116 3051 269 3112 codicibus
305 3053 440 3112 nondum
473 3051 634 3111 nominatis
669 3053 791 3110 exarata
826 3053 922 3113 sunt.⁴
959 3051 1134 3126 plerumque

117 3143 223 3201 autem
243 3141 290 3200 his
313 3141 449 3217 reliquiis
473 3161 508 3199 ex
527 3141 643 3218 integro
662 3138 859 3198 Laurentiani
877 3139 974 3214 operis
994 3140 1135 3197 contextu

117 3229 227 3290 solutis
255 3234 286 3288 et
314 3229 376 3289 iam
402 3230 466 3289 sine
496 3229 624 3289 auctoris
657 3229 776 3288 nomine
808 3228 988 3288 circumlatis
1020 3227 1064 3285 ita
1086 3225 1135 3285 usi

116 3321 192 3379 sunt
213 3318 343 3393 librarii,
369 3321 404 3378 ut
430 3318 611 3394 ubicumque
634 3335 722 3393 opere
749 3318 812 3376 iam
840 3317 977 3376 absoluto
1005 3315 1063 3375 duo
1087 3315 1135 3376 vel

167 3523 322 3650 92¹5Gelaer
345 3522 420 3595 apud
443 3523 686 3578 Krumbaeherum
708 3523 808 3578 Gesch.
832 3521 858 3576 d.
882 3519 1025 3591 byzantin.
1044 3519 1136 3575 Litt¹

115 3615 144 3666 p,
221 3635 227 3649 ι
