2556 3996
179 199 223 263 64
421 197 531 252 LIBER
551 197 729 263 QUARTUS.
759 196 959 252 IANUARIUS

139 367 333 444 Χλονοῦσι,
373 371 439 426 νῦν
475 358 536 445 μὲν
573 367 662 437 κλεῖς
698 370 737 446 τῇ
776 359 868 447 δεξιᾷ
900 359 1046 446 φέροντα
1078 357 1203 424 ὡσανεὶ

179 471 323 554 θυρεόν,
350 478 415 534 νῦν
441 465 478 533 δὲ
500 478 539 554 τῇ
568 464 630 553 μέν
654 466 746 554 δεξιᾷ
767 471 959 553 τριακοσίας
981 477 1020 553 τῇ
1045 463 1082 531 δὲ
1106 463 1202 552 ἑτέρᾳ

181 573 337 658 ἑξήκοντα
366 574 465 640 πέντε
494 577 630 658 ψήφους
660 574 873 660 ἀριθμοῦνται
904 575 1014 659 ὥσπερ
1044 574 1104 638 τὸν
1133 571 1202 637 ένι-

181 685 294 748 αυτόν.
335 683 437 746 ἔνθεν
473 678 529 746 καὶ
566 682 798 767 τετράμορφον
835 680 899 745 ἀπὸ
932 692 1000 745 τῶν
1031 680 1201 764 τεσσάρων

153 800 327 874 οτροπῶν·
354 787 409 852 καὶ
432 796 588 854 τοιοῦτον
610 787 715 853 αὐτοῦ
738 789 869 871 ἄγαλμα
892 786 930 851 έν
951 795 998 875 τῷ
1022 789 1115 874 φόρῳ
1137 793 1201 849 τοῦ

181 899 298 982 Νερβᾶ
329 897 378 959 ἔτι
410 893 465 959 καὶ
497 904 562 959 νῦν
594 893 723 977 λέγεται
761 893 979 978 σεσωσμένον.
1034 897 1200 976 Λογγῖνος

181 997 219 1066 δέ
251 1002 444 1086 Αίωνάριον
480 1001 584 1066 αὐτὸν
616 999 815 1086 ἑρμηνεῦσαι
848 1002 992 1084 βιάζεται
1029 997 1106 1064 ὡσεὶ
1136 1006 1199 1062 τοῦ

182 1108 304 1183 αἰῶνος
339 1105 477 1193 πατέρα,
514 1106 534 1190 ἢ
572 1108 623 1173 ὅτι
660 1110 739 1173 ένον
769 1109 830 1174 τὸν
862 1107 1017 1173 ἐνιαυτὸν
1042 1104 1199 1188 Ἕλληνες

182 1209 289 1297 εἷπον,
311 1214 355 1290 ὡς
378 1217 591 1298 Καλλίμαχος
615 1213 651 1279 έν
673 1215 793 1302 πρώτῳ
816 1215 945 1279 αἰτιῶν·

143 1343 169 1383 ιο
308 1321 485 1406 τετράενον
507 1321 672 1406 Δαμάσου
694 1323 798 1386 παῖδα
826 1321 1076 1406 Τελεστορίδην,

183 1425 292 1510 ἢάπὸ
320 1437 378 1511 τῆς
406 1433 459 1503 ίας
488 1425 563 1492 άντὶ
591 1437 652 1492 τοῦ
679 1437 738 1512 τῆς
765 1437 842 1512 μιᾶς
868 1428 951 1492 κατδι
979 1429 1058 1503 τοὺς
1080 1429 1197 1490 Πυθα-

183 1537 345 1616 γορείους.
391 1534 474 1599 ὅθεν
503 1533 521 1600 ὁ
546 1538 725 1611 Μεσσαλᾶς
751 1543 873 1599 τοῦτον
900 1529 987 1598 εἶναι
1014 1533 1074 1599 τὸν
1095 1533 1196 1596 αίῶνα

121 1651 170 1705 XS
186 1643 323 1724 νομίζει·
350 1638 406 1705 καὶ
434 1641 498 1726 γὰρ
527 1637 580 1705 ἐπὶ
608 1649 666 1724 τῆς
693 1639 841 1725 πέμπτης
868 1649 930 1705 τοῦ
957 1640 1061 1724 μηνὸς
1078 1638 1195 1704 τούτου

184 1744 302 1831 ἑορτὴν
325 1747 457 1823 Αλῶνος
479 1744 655 1811 ἐπετέλουν
678 1748 710 1811 οἱ
733 1748 844 1812 πάλαι.

143 1865 168 1918 X
250 1853 279 1916 2.
303 1853 514 1918 Δυοκαίδεκα
536 1854 716 1939 πρυτάνεις
738 1854 822 1939 πρὸς
842 1863 903 1918 τοῦ
920 1857 1043 1938 Νουμᾶ
1057 1855 1132 1928 τοὺς
1144 1859 1234 1916 erla

144 1984 170 2024 ιε
184 1958 410 2043 καλουμένους
455 1961 603 2036 Σαλίους
644 1959 828 2046 ὁρισθῆναί
867 1976 971 2043 φασιν
1012 1960 1192 2045 ὑμνοῦντας

183 2067 243 2132 τὸν
265 2064 376 2131 Ἰανὸν
406 2067 489 2131 κατδι
526 2066 587 2131 τὸν
613 2078 681 2131 τῶν
705 2064 875 2133 Ἰταλικῶν
902 2078 1018 2151 μηνῶν
1046 2067 1192 2152 ἀριθμόν.

184 2173 202 2238 δ
235 2169 273 2238 δὲ
305 2174 449 2259 Βάρρων
480 2171 517 2237 έν
553 2181 593 2258 τῇ
628 2174 965 2260 τεσσαρεσκαιδεκάτῃ
997 2186 1066 2239 τῶν
1096 2175 1192 2238 θείου
1260 2249 1261 2262 ¹

255 2365 279 2401 v.
300 2352 316 2400 9
336 2345 524 2401 Callimachus
547 2346 629 2418 frgm.
650 2353 703 2401 13³
726 2346 880 2402 Schneider
970 2353 1004 2401 12
1023 2347 1143 2402 Messala
1160 2343 1189 2398 cf.

184 2417 308 2473 Maarob.
327 2418 388 2488 I,9,
404 2425 438 2472 14
521 2424 554 2472 15
573 2419 663 2473 Varro
682 2421 740 2473 aul.
760 2418 814 2473 div.
835 2418 933 2473 1.le
952 2418 984 2476 fr.
1000 2424 1018 2472 4
1037 2419 1112 2489 apud
1128 2417 1191 2471 Mer·

185 2488 293 2542 kelium
312 2488 391 2544 Ovid.
411 2491 486 2544 Fasl.
505 2508 533 2559 p.
549 2489 656 2544 CCXXI

257 2667 281 2702 v.
302 2655 317 2702 1
342 2651 402 2704 κλεῖ
418 2649 446 2703 A
470 2651 567 2704 κλεῖδα
590 2648 757 2704 Lambeaius
857 2655 875 2703 4
897 2647 1093 2719 τετράμορφον
1116 2646 1190 2703 αὐτὸν

186 2719 243 2774 ἀπὸ
263 2721 291 2773 Β
368 2726 513 2775 ῠτοιοῦτο
532 2720 700 2775 lambecius
730 2722 734 2791 Ι
766 2719 890 2775 ‘Plinius
914 2721 976 2774 Iani
1000 2721 1111 2792 signum
1128 2717 1189 2773 eius·

186 2790 263 2844 modi
281 2790 311 2844 in
325 2789 386 2845 foro
400 2792 523 2845 Nervae'
535 2794 563 2846 Β
577 2791 607 2845 in
621 2809 710 2862 marg.
772 2798 788 2845 6
804 2791 885 2854 ἄλλος
894 2793 933 2860 X,
952 2798 1090 2863 Λογγῖνος
1099 2783 1190 2880 εοιορεί

187 2879 203 2916 e
217 2862 277 2917 eod.
292 2863 355 2916 Par.
370 2862 460 2932 suppl.
475 2881 516 2933 gr.
532 2863 615 2917 6074
629 2863 750 2933 favffll:
773 2864 811 2917 Τὸ
827 2863 937 2934 ἄγαλμα
951 2873 1001 2918 τοῦ
1009 2863 1190 2928 Ἰαννουαριον

187 2933 326 3002 ἱστοροῦσι
353 2933 546 3003 τετράμορφον
572 2933 621 2988 διὰ
646 2933 697 2997 τδις
719 2931 853 3003 τέσσαρας
875 2933 992 3004 τροπάς·
1020 2935 1096 2990 ἄλλοι
1119 2928 1189 2988 πλάτ-

185 3022 282 3060 τουσιν
306 3005 394 3060 αὐτὸν
418 3004 449 3060 ἐν
467 3013 500 3077 τῇ
519 3006 597 3079 δεξιᾷ
617 3007 689 3076 χειρὶ
706 3008 802 3060 κλεῖδα
821 3003 974 3076 κατέχοντα
993 3007 1031 3069 ὡς
1049 3006 1135 3078 ἀρχὴν
1150 3006 1189 3056 τοῦ

187 3075 291 3148 χρόνον
309 3078 358 3132 καλ
373 3076 483 3142 ἄνοιξιν
501 3085 550 3131 τοῦ
560 3077 696 3146 χένιαυτοῦ
710 3078 757 3132 καὶ
772 3081 909 3145 θυραῖον·
929 3075 1017 3146 έτεροι
1034 3077 1066 3132 δὲ
1079 3087 1111 3149 τῇ
1125 3073 1189 3140 δεξιᾷ

186 3145 349 3216 τριακοσίας
366 3156 399 3238 τ]
419 3146 451 3202 δὲ
465 3148 596 3222 ἀριστερᾷ
617 3147 751 3215 ἐξήκοντα
770 3146 853 3204 πέντε
872 3148 1011 3220 (ψήφους
1030 3149 1093 3204 add.
1110 3141 1188 3212 Trea>

187 3217 349 3290 κατέχοντα,
369 3237 459 3288 ωσπερ
477 3219 528 3274 τὸν
546 3218 684 3274 ἐνιαυτόν.
718 3218 788 3274 ὅθεν
807 3221 855 3274 καὶ
870 3219 885 3274 ὁ
900 3226 1038 3292 Λογγῖνος
1051 3216 1189 3284 Αίωνάριον

188 3291 275 3346 αὐτὸν
294 3290 461 3360 ἑρμηνεῦσαι
479 3289 604 3361 βιάζεται
618 3292 720 3346 ὡσανεὶ
733 3291 837 3353 αἰῶνος
850 3289 965 3360 πατέρα.
1040 3298 1055 3346 ’ί
1070 3291 1188 3364 βούλεται,

188 3379 326 3430 suprascr.
346 3361 470 3433 βιάζεται
484 3362 512 3415 Α
584 3367 600 3414 8
621 3361 703 3417 ἔννον
720 3365 750 3416 et
768 3368 802 3416 10
820 3360 987 3432 τετραέννου
1002 3363 1042 3430 X,
1059 3359 1188 3430 τιτράεννν

188 3432 308 3502 Bentley
381 3440 413 3487 11
433 3430 629 3504 πυθαγορίους
643 3434 671 3488 Α
744 3439 778 3487 13
797 3434 877 3503 μινὸς
890 3435 918 3488 A
987 3441 1021 3488 13
1040 3431 1083 3488 ὅτι
1100 3431 1189 3492 ἐπλτῆς

188 3501 314 3573 πέμπτης
331 3513 381 3559 τοῦ
400 3502 586 3573 ίαννουαρίου
602 3505 690 3576 μηνὸς
703 3537 737 3546 -
753 3511 786 3559 14
805 3504 893 3560 πάλαι
911 3505 934 3561 S
1005 3511 1038 3560 17
1058 3503 1187 3560 κατάτῶκι

188 3574 239 3628 τὸν
258 3592 394 3645 suprascr.
414 3578 442 3631 Β
