2530 3988
322 203 433 258 LIBER
451 202 629 268 QUARTUS.
655 202 856 258 DECEMBER
1031 204 1095 268 175

31 375 150 431 deesth
171 367 242 432 159.
258 365 330 432 Ὅτι
349 369 382 433 ολ
400 370 541 452 φυσικοί
556 383 639 451 φασι
657 366 735 431 τόδε
758 367 795 431 τὸ
818 376 886 432 πᾶν
904 366 990 450 ὕλην
1008 367 1094 433 ἀνεί-
1111 378 1131 432 S

80 472 158 537 δεον
183 475 248 560 πρὸ
271 483 329 557 τῆς
357 475 603 558 διακοσμήσεως
629 471 789 556 γενέσθαι
811 471 905 556 ποτέ,
933 473 1018 539 ὅθεν
1038 472 1094 540 καὶ

79 579 139 660 τὴν
161 579 246 664 ὕλην
264 579 383 664 Ἅιδην
411 581 443 646 ολ
466 579 755 665 φιλοσοφήσαντές
782 597 865 664 φασι
887 578 943 646 καὶ
970 581 1094 667 Τάρτα-
1191 597 1196 628 ‘

80 708 150 770 ρον,
173 687 218 764 ὡς
240 685 486 772 ταραττομένην
507 684 563 752 καὶ
587 686 649 752 οὐκ
671 687 861 772 ἠρεμοῦσαν
883 688 965 753 κατά
988 688 1094 772 φύσιν

79 792 134 856 διδ
162 792 200 858 τὸ
231 793 384 859 ἀνείδεον
411 792 522 877 αὐτῆς.
567 794 713 879 ἄχρονον
741 790 778 858 δέ
805 792 911 876 αὐτὴν
935 791 1007 859 ἀλλ’
1031 795 1092 859 οὐκ
1120 820 1134 860 5

79 898 234 985 ἀναρχον,
257 901 400 984 γενητὴν
417 895 456 964 δὲ
479 899 567 985 ὅμως
589 897 645 964 καὶ
664 901 824 983 αἰτιατόν,
848 898 881 978 ἐξ
900 899 1013 966 ἀϊδίου
1030 903 1092 984 τὴν

79 1003 248 1091 ἐνέργειαν
273 1007 377 1098 αὐτοῦ
400 1008 503 1090 <τοῦ>
524 1008 649 1092 πατρὸς
675 1005 918 1092 ἀναμένουσαν,
944 1003 1092 1073 τὸεῖναι

79 1111 161 1190 ὅλως
179 1115 325 1198 ἄχρονον
344 1112 379 1178 ἐκ
397 1122 455 1196 τῆς
474 1112 605 1179 ἐκείνου
622 1116 793 1197 λαβοῦσαν
811 1116 947 1197 βουλῆς·
971 1114 1090 1180 όθενὸ

77 1222 242 1297 Χαλδαῖος
260 1220 297 1286 ἐν
314 1231 385 1297 τοῖς
404 1225 530 1304 λογίοις
547 1230 733 1306 πατρονενίη
752 1221 813 1304 τὴν
830 1219 917 1304 ὕλην
930 1221 1092 1306 ὀνομάζει.

76 1324 130 1391 καὶ
160 1328 249 1404 ὅπως
278 1326 505 1412 ὁἸάμβλιχος
534 1326 571 1392 έν
600 1337 639 1413 τῇ
666 1329 781 1414 πρώτη
804 1339 872 1393 τῶν
894 1329 1092 1394 Χαλδαϊκῶν
1105 1354 1133 1393 ιο

77 1451 168 1518 φησι,
191 1434 332 1500 ἀκοῦσαι
354 1433 462 1513 ἀξιον·
491 1432 620 1500 εἀΐδιον
646 1433 708 1519 μέν
736 1435 826 1501 ἐστιν
852 1434 874 1518 ἡ
896 1433 977 1518 ὕλη,
1005 1433 1090 1500 ἐπεί-

75 1561 136 1625 περ
160 1545 402 1626 συνυφίσταται
430 1543 511 1627 μετὰ
537 1542 606 1607 τῶν
626 1546 823 1627 πρωτίστων
845 1543 962 1606 αἰτίων
984 1539 1017 1619 ἐξ
1040 1540 1090 1606 ἀί-

77 1648 161 1731 δίου,
184 1647 253 1732 μετ’
275 1648 387 1713 αὐτῶν
408 1645 522 1714 τεκαὶ
545 1650 609 1713 σὺν
632 1648 747 1725 αὐτοῖς
769 1651 836 1733 ἔχει
854 1649 891 1713 τὸ
910 1643 1009 1714 εἶναι·
1033 1647 1089 1714 οὐ-

76 1752 191 1820 δέποτε
215 1751 252 1820 δὲ
276 1752 439 1832 ἐξίσταται
462 1751 519 1839 ἀφ’
544 1751 677 1837 ἑαυτῆς,
704 1755 792 1818 διότι
814 1755 897 1819 κατὰ
919 1754 981 1837 την
1004 1753 1089 1838 ὁμώ-

75 1883 182 1944 νυμον
204 1859 260 1926 καλ
288 1859 418 1926 ἑνιαίαν
440 1862 587 1946 δύναμιν
610 1860 835 1947 ένεστήρικται
858 1872 928 1938 τοῖς
950 1871 1089 1937 κοινοῖς·
1104 1886 1130 1926 ιε

76 1965 190 2050 ἀτελὴς
211 1964 250 2033 δὲ
274 1969 336 2034 οάκ
360 1966 507 2034 ἐστικαὶ
530 1967 722 2055 ἀπέραντος,
746 1967 830 2034 ἀλλά
848 1968 1090 2052 μεταλαμβάνει

75 2075 276 2157 τελειότητός
289 2097 391 2158 τινος,
411 2073 523 2157 ἐπειδὴ
543 2071 644 2140 οὐδὲν
662 2073 727 2140 ἀπὸ
746 2083 803 2157 τῆς
821 2083 982 2160 πατρικῆς
999 2075 1089 2161 τριά-

76 2181 132 2257 δος
153 2191 321 2266 προχωρεῖ
343 2179 464 2265 ἀτελές,
487 2182 534 2257 είς
556 2177 595 2245 δὲ
617 2181 805 2264 τελειότητα
827 2179 883 2246 καί
905 2179 1007 2266 πέρας
1030 2178 1084 2245 ἀπ’

75 2287 174 2371 αὐτῆς
205 2289 395 2373 προάγεται.
443 2299 511 2352 τῶν
542 2291 660 2353 τοίνυν
693 2285 866 2371 στοιχείων
898 2285 984 2352 οὕτω
1015 2284 1084 2370 μετ’

74 2393 178 2477 αὐτὴν
190 2392 433 2480 παραχθέντων
446 2393 701 2480 συγκεχυμένων
719 2389 757 2459 δὲ
770 2394 869 2478 ὅμως,
886 2393 1089 2477 παραλαβὼν
1103 2419 1130 2458 ω

74 2500 92 2565 ὁ
115 2502 318 2587 δημιουργὸς
339 2511 417 2585 πᾶν,
441 2502 521 2588 ὅπερ
544 2497 587 2584 ἦν
606 2495 748 2592 άχλικτον
765 2499 908 2584 ἡσυχίαν
927 2499 987 2564 οὐκ
1006 2501 1090 2583 ἀχον

74 2607 157 2674 ἀλλά
178 2608 380 2693 κινούμενον
401 2613 598 2693 πλημμελῶς
622 2601 669 2685 &lg
691 2606 784 2686 τάξιν
806 2609 909 2691 ἤγαγε
929 2608 1011 2672 κατὰ
1029 2609 1089 2672 τὸν

78 2717 224 2798 Τίμαιον.
267 2713 551 2799 διαστελλομένων
574 2711 612 2780 δὲ
639 2727 707 2780 τῶν
731 2715 918 2798 στοιχείων,
945 2711 1000 2778 καὶ
1028 2721 1088 2777 τοῦ

73 2817 133 2904 μὲν
155 2822 261 2906 πυρὸς
283 2821 344 2904 τὴν
368 2822 437 2886 ἀνω
462 2822 518 2886 διά
541 2823 601 2905 τὴν
620 2821 720 2905 φύσει
740 2822 931 2905 κουφότητα
950 2823 1087 2904 φαίνον-

73 2950 139 3009 τος,
169 2935 231 2991 τοῦ
262 2923 299 2992 δὲ
327 2927 451 3002 ὕδατος
480 2928 528 3004 είς
557 2929 665 3012 βάθος
694 2927 751 2991 διά
781 2927 842 3009 τὴν
870 2927 953 2992 κατὰ
982 2926 1088 3010 φάσιν
1102 2953 1129 2992 τε

73 3033 239 3118 βαρύτητα
261 3037 450 3117 πίπτοντος,
474 3035 507 3099 οἱ
530 3031 670 3118 μυθικολ
693 3033 753 3098 τὸν
770 3035 907 3118 Κρόνον
929 3056 1087 3118 καταταρ-

72 3149 245 3228 ταροῦσιν,
272 3132 346 3205 οἷον
368 3149 429 3206 τοῦ
451 3140 558 3227 πυρὸς
581 3138 819 3226 ἀνατρέχοντος
842 3140 879 3203 τὸ
902 3138 994 3224 ὕδωρ
1017 3149 1087 3215 τοῖς

142 3316 167 3350 v.
182 3301 198 3350 9
218 3295 269 3350 (ἴω.
284 3296 364 3350 Kroll
382 3297 417 3350 de
436 3313 474 3351 or.
491 3296 588 3351 chald.
603 3315 630 3366 p.
646 3301 680 3350 20
753 3302 786 3349 23
806 3295 878 3350 Plat.
894 3295 963 3350 Tim.
978 3315 1006 3365 p.
1022 3295 1086 3349 3οΑ

141 3457 165 3494 v.
182 3444 197 3491 7
215 3437 308 3563 <tog
324 3437 422 3493 addidi
495 3443 511 3492 8
530 3437 638 3509 δίχρονα
653 3438 680 3506 S,
696 3454 764 3519 οοιτ.
780 3436 831 3492 Gu.
846 3436 926 3492 Kroll
942 3438 946 3508 Ι
962 3438 1085 3507 λαβοῦσα

73 3507 253 3580 S‚001·r.Gu.
308 3509 348 3564 oll
422 3516 455 3563 14
474 3506 593 3578 μόνιμον
606 3513 739 3579 propomt
752 3507 803 3563 Gn.
818 3508 898 3562 Kroll
971 3515 1005 3561 24
1023 3506 1085 3578 βαί-

72 3601 168 3644 νοντος
186 3581 219 3636 ci.
241 3579 292 3635 (δυ.
311 3581 390 3636 Kroll
