2556 3996
200 227 244 291 94
464 227 572 281 LIBER
591 227 766 292 QUARTUS.
790 228 952 283 MARTIUS

165 400 272 455 Suov
295 401 488 475 προσειπεῖν
510 392 630 475 χρεών·
657 389 713 456 καλ
737 390 798 475 οὐχ
821 391 931 468 ἁπλῶς
955 391 1110 457 ἁπάντων
1134 387 1208 456 οὐδὲ

199 507 267 561 τῶν
289 508 409 581 κακῶν,
433 497 516 562 ἀλλά
539 495 594 562 καὶ
617 498 746 562 τούτων
768 497 921 563 ἀναίτιον
939 497 994 563 καὶ
1012 500 1136 574 παντὸς
1154 507 1209 563 τοῦ

200 605 296 680 ὄντος
315 609 436 668 αῖτιον·
459 604 543 668 ὥστε
562 603 602 668 οὐ
621 613 778 669 ποιοῦσιν
796 605 828 669 οἱ
845 602 922 669 θεοὶ
945 605 982 670 τὸ
1006 608 1117 689 κακόν,
1137 601 1204 670 ἀλλ’

145 718 196 773 XS
213 710 258 786 ὡς
276 708 417 792 ἀγαθόν,
440 707 496 774 καὶ
515 709 713 795 ἀναιροῦσιν
732 709 812 774 αὐτὸ
831 711 875 786 ὡς
893 712 1005 775 κακόν.
1051 711 1130 796 ὅρος
1142 719 1218 774 RrIV

162 841 186 882 ’,ο
199 818 263 901 γάρ
287 815 356 881 έστι
378 825 482 881 κακοῦ
500 815 562 881 οὐκ
580 816 678 881 οὐσία
697 821 782 896 ζῶσα
800 815 856 882 καὶ
874 819 1021 901 ἔμψυχος
1038 817 1122 884 ἀλλά
1141 818 1208 882 ἀιά-

199 929 295 999 θεσις
319 922 466 1008 ἐνψυχῇ
490 921 647 999 ἐναντίως
675 926 797 1007 ἔχουσα
823 925 907 1009 πρὸς
930 923 1051 1009 ἀρετὴν
1073 927 1129 990 διὰ
1151 926 1208 1007 τὴν

200 1038 261 1094 τοῦ
301 1035 405 1095 καλοῦ
448 1028 641 1094 ἀπόπτωσιν
678 1041 750 1106 ταῖς
790 1031 972 1117 ῥᾳθυμίαις
1009 1031 1208 1116 ἐγγινομένη.

165 1136 295 1218 θλάβοι
319 1130 381 1200 οὖν
404 1137 447 1199 ἀν
469 1159 519 1211 τις
542 1136 685 1220 εὐσεβῶς
708 1135 763 1202 καὶ
786 1140 864 1214 τοὺς
892 1137 1092 1222 λεγομένους
1117 1161 1208 1203 κακο-

200 1244 319 1318 ποιοὺς
341 1253 408 1306 τῶν
430 1245 621 1326 πλανήτων,
650 1243 711 1308 οὐκ
739 1246 836 1320 ὄντας
864 1240 926 1328 μὲν
952 1246 1126 1322 τοιούτους
1150 1245 1207 1326 τὴν

161 1373 187 1414 ιο
201 1348 316 1432 φύσιν,
341 1353 581 1425 συντελοῦντας
600 1345 637 1414 ἀὲ
660 1351 707 1426 είς
730 1351 791 1433 τὴν
813 1359 874 1415 τοῦ
892 1352 1016 1428 παντὸς
1034 1353 1207 1436 διοίκησιν·

201 1455 230 1520 εί
253 1456 316 1539 γάρ
339 1455 437 1538 ψύχει
455 1451 518 1539 μὲν
536 1455 554 1520 ὁ
572 1458 715 1541 Κρόνος,
739 1453 925 1542 idmona
941 1463 1126 1543 θερμαίνει,
1149 1461 1207 1542 ἀρα
1262 1469 1263 1510 3

201 1567 398 1627 συντελοῦσι
420 1571 459 1647 τῇ
483 1560 625 1646 γενέσει,
652 1561 707 1627 καὶ
730 1562 806 1628 καθ’
831 1562 931 1629 ἑαυτά
958 1561 1020 1648 μὲν
1043 1563 1206 1650 φθαρτικά

201 1667 280 1752 ἐστι,
302 1668 490 1754 κιρνώμενα
512 1665 550 1734 δὲ
574 1672 726 1755 σωτήρια.

268 1775 319 1838 36.
329 1773 399 1839 Ὅτι
415 1775 649 1858 ὁΠτολεμαῖος
660 1776 744 1862 έντῇ
756 1776 931 1863 ἁρμονικῇ·
946 1777 1133 1864 ὡρισμένοι,
1142 1782 1244 1841 deesth

162 1905 187 1946 ιε
201 1885 316 1965 φησίν,
346 1879 432 1946 εἰσὶν
461 1883 494 1946 ολ
523 1881 676 1966 ἀριθμοί,
707 1881 752 1947 δι’
778 1877 826 1949 ὧν
855 1883 893 1948 έν
921 1894 1003 1949 πᾶσι
1033 1897 1104 1961 τοῖς
1129 1885 1206 1968 πρὸς

201 1989 327 2071 ἄλληλα
350 1991 572 2071 συμβαίνουσι
598 1987 653 2053 καὶ
682 1989 916 2075 ἀρμοζομένοις
940 1991 1103 2076 ὁμολόγος
1124 1994 1204 2074 γίνε-

201 2118 254 2158 ται
285 2098 474 2178 συμφωνία·
503 2094 559 2160 καὶ
587 2093 658 2161 οὐδ’
687 2096 802 2162 ὁτιοῦν
831 2097 975 2162 δύναταί
1001 2122 1082 2182 τινι,
1112 2100 1140 2163 εί
1163 2096 1203 2180 μή

201 2202 257 2265 διὰ
284 2201 412 2267 τούτων
440 2213 507 2266 τῶν
537 2202 693 2287 ἀριθμῶν
723 2209 910 2269 συνελθεῖν.
961 2202 1025 2268 εἰσὶ
1054 2204 1082 2270 ἀ
1107 2200 1204 2270 οὗτοι·

201 2307 366 2392 ἐπίτριτος
388 2307 538 2392 ἡμιόλιος
562 2310 736 2385 σπονδεῖος
759 2310 933 2386 διπλάσιος
951 2313 1144 2396 τριπλάσιος
1160 2333 1204 2375 τε-

162 2440 188 2478 κο
201 2415 409 2498 τραπλάσιος.
758 2431 763 2438 ‘

269 2521 320 2584 37.
330 2519 400 2586 Ὅτι
410 2522 447 2586 τὸ
457 2518 519 2605 μὲν
533 2523 696 2605 αἰσθητὸν
706 2522 738 2600 ἐξ
752 2521 860 2606 ἡλίου,
879 2523 916 2587 τὸ
931 2518 968 2587 ἀὲ
983 2525 1128 2608 φυσικὸν
1141 2527 1240 2586 ἀεαῖῖτ

202 2625 237 2691 έκ
255 2637 313 2710 τῆς
331 2634 525 2711 σεληνιακῆς
544 2632 688 2713 σφαίρας
705 2629 788 2714 πρὸς
806 2628 890 2712 ἡμᾶς
907 2633 1135 2714 παραγίνεται,
1155 2625 1202 2693 καλ

201 2742 240 2818 τῇ
273 2745 340 2798 τῶν
369 2734 490 2817 φώτων
518 2732 681 2820 ἑκατέρων
708 2735 841 2822 εὐποιΐμ
867 2734 936 2800 κατ’
960 2734 1128 2822 ἐξαίρετον
1152 2736 1202 2818 ἣδε
1263 2777 1264 2812 i

202 2838 401 2924 συνέστηκεν
423 2839 504 2924 ἡμῖν
525 2840 546 2924 ἡ
570 2842 633 2924 ζωὴ
657 2841 677 2925 ἢ
702 2841 816 2926 μέντοι
843 2842 984 2929 ἡμετέρα
1011 2843 1203 2930 ἀναστροφὴ.
1263 2831 1264 2862 ί

162 2970 188 3012 ετ
201 2944 256 3010 καὶ
280 2948 314 3011 αλ
335 2958 402 3012 τῶν
424 2947 575 3032 πράξεων
597 2947 765 3033 προκοπαί
785 2959 884 3015 τοῦτο
906 2946 968 3035 μὲν
989 2951 1074 3036 πρὸς
1092 2953 1133 3016 τά
1150 2950 1202 3014 δύο

203 3051 298 3118 ταυτὶ
321 3065 429 3137 φῶτα,
459 3063 557 3119 τοῦτο
581 3051 619 3119 ἀὲ
641 3053 696 3120 καὶ
719 3057 802 3141 πρὸς
828 3058 907 3132 τοὺς
928 3055 1026 3122 πέντε
1047 3058 1204 3140 πλάνητας

202 3158 439 3245 ἀναφέρονται·
470 3160 553 3226 ἀλλά
580 3162 709 3227 τούτων
735 3174 803 3228 τῶν
830 3161 977 3247 ἀστέρων
1004 3164 1128 3240 ἀλλους
1152 3157 1204 3246 μίν

273 3335 297 3371 v.
314 3323 347 3370 14
365 3317 520 3371 Ptolemaei
539 3318 638 3371 eadem
656 3320 742 3374 verba
760 3319 789 3372 in
802 3319 978 3374 Harmonicis
996 3337 1054 3374 non
1072 3320 1203 3391 leguntur,

202 3386 306 3441 similia
325 3405 416 3458 saepe,
436 3404 459 3442 ε.
479 3406 505 3458 g.
525 3388 559 3456 H,
578 3396 594 3442 9
614 3391 655 3443 ed.
671 3389 773 3444 Wallis

272 3536 328 3583 v.4
347 3527 412 3598 ὄρος
427 3537 490 3586 -7
511 3530 673 3602 ἐγγινομένη
693 3534 724 3587 Χ
794 3533 882 3604 ὁγὰρ
906 3532 984 3589 omis.
1005 3534 1032 3587 B
1107 3533 1203 3603 λέγγῖ·

202 3598 323 3669 νομένην
340 3600 394 3655 As
1073 3653 1077 3660 .
