2556 3996
174 193 216 258 74
413 193 522 248 LIBER
541 192 718 260 QUARTUS.
745 192 946 247 IANUARIUS

131 357 399 444 ΧἸανουαρίων,
432 357 608 442 ἐσχόλαζον
640 358 697 422 διδι
728 357 769 420 τδι
798 357 871 442 ίερδι
902 357 943 420 τδι
975 357 1184 441 ἱπποδρόμιοι.

173 465 205 529 ολ
229 460 266 529 δὲ
288 465 352 547 πρὸ
376 472 434 547 τῆς
456 463 508 529 ἐπὶ
528 466 590 548 την
610 464 835 550 ἱπποδρομίαν
853 463 1014 548 προόδου,
1038 480 1184 548 συμπαρ-

174 573 282 636 όντων
305 571 419 648 αὐτοῑς
441 583 509 636 τῶν
534 569 729 657 ἀρχιερέων,
754 569 904 653 ἐνηγιζον
927 579 998 646 τοῖς
1021 569 1181 654 δαίμοσιν,

174 675 227 742 ἐπὶ
242 673 278 741 δέ
290 688 360 742 τῶν
374 677 502 760 άγυιῶν
520 679 560 742 τά
577 675 653 762 παρ’
674 676 788 752 αὐτοῖς
801 676 991 760 καλούμενα
1005 679 1185 762 μιλιαρίσια

145 791 219 871 σιῷ
248 786 371 866 πλήθει
401 783 599 849 ἐπεδίδοσαν
627 785 674 859 εἰς
701 783 799 866 τιμὴν
827 784 1031 859 Σκιπίωνος·
1064 793 1185 868 πρῶτος

172 893 235 977 γάρ
264 891 363 966 αὐτὸς
387 888 440 954 ἐπὶ
464 898 521 973 τῆς
545 887 720 972 ἑκατοστῆς
744 887 881 972 ἐννάτης
899 886 1120 972 Ὀλυμπιάδος
1142 885 1180 952 δι’
1256 879 1258 886 ’

63 1008 211 1063 XCedren.
228 998 360 1062 ἔνδειαν
382 999 524 1082 χρυσίου
543 1006 613 1072 τοῖς
632 996 847 1081 στρατιώταις
869 995 909 1059 τά
932 999 1118 1080 μιλιαρίσια
1134 1018 1185 1058 κοι-

171 1104 374 1179 τασκευάσας
398 1101 614 1186 ἐπιδέδωκεν,
634 1100 793 1186 Ἀννίβου
816 1112 886 1176 τοῖς
907 1101 1100 1186 πράγμασιν
1122 1099 1184 1165 ἐπι-

173 1208 336 1294 κειμένου.
383 1209 433 1274 ότι
461 1207 579 1295 κέρδος
605 1208 626 1292 ἡ
655 1207 824 1292 ἐπίκαιρος
852 1209 946 1283 δόσις
974 1206 1103 1290 λέγεται
1131 1204 1181 1271 καὶ

132 1343 159 1382 10
172 1320 359 1400 μιλιαρίσια
382 1314 446 1380 ἀπὸ
469 1325 527 1400 τῆς
550 1318 696 1400 μιλιτίας
719 1312 823 1380 οἱονεὶ
846 1324 904 1398 τῆς
928 1324 1084 1400 στρατιᾶς
1106 1313 1182 1378 ῶνο-

133 1434 159 1488 Χ
173 1425 360 1509 μάσθησαν.
421 1423 438 1488 ὁ
476 1419 513 1488 δὲ
545 1423 723 1509 Δάρδανος
761 1420 798 1487 ἐν
833 1430 881 1510 τῷ
916 1419 992 1507 περὶ
1031 1428 1183 1505 σταθμῶν

171 1534 290 1615 χιλίων
319 1531 450 1614 ὀβολῶν
478 1528 566 1613 λέγει
593 1530 695 1594 πάλαι
723 1527 881 1612 γενέσθαι
909 1530 947 1594 τὸ
974 1532 1184 1615 μιλιαρίσιον,

171 1636 226 1704 καὶ
250 1637 314 1702 άπὸ
337 1647 395 1720 της
418 1638 569 1722 χιλιάδος
591 1647 659 1702 τῶν
677 1636 808 1720 ὀβολῶν
827 1635 932 1712 οὕτως
950 1635 1184 1720 ὀνομασθῆναι.

241 1745 290 1808 10.
310 1742 392 1809 Μετ’
407 1743 512 1827 αὐτὴν
530 1745 612 1827 βότα
629 1744 794 1827 πούβλικα
813 1741 935 1808 ὡσανεὶ
949 1743 1105 1826 δημοσίαι
1118 1750 1229 1805 ΒιΝιο

131 1861 158 1914 Η
173 1851 275 1935 εὐχαί.
322 1851 521 1938 ἱερούργουν
549 1847 586 1914 δὲ
613 1849 668 1914 καὶ
696 1851 729 1916 ολ
756 1849 875 1914 ὕπατοι
902 1845 988 1935 ὑπὲρ
1016 1857 1075 1933 τῆς
1096 1854 1185 1914 πολι-

130 1985 157 2024 16
171 1962 260 2034 τείας
288 1956 345 2023 καὶ
373 1967 433 2023 τοῦ
465 1958 572 2042 δήμου
604 1965 664 2021 τοῦ
688 1955 884 2039 Ῥωμαϊκοῦ,
915 1954 971 2022 καὶ
1003 1957 1125 2032 πάντες
1154 1955 1184 2020 οἱ

172 2066 329 2150 ἄρχοντες
348 2063 535 2148 ἐξώμνυντο
553 2065 594 2128 τά
613 2063 725 2128 δίκαια
744 2063 925 2147 φυλάττειν
939 2073 1009 2138 τοῖς
1022 2063 1184 2145 ὑπηκόοις.

170 2170 225 2236 καὶ
252 2169 341 2236 τοῦτ’
374 2173 537 2257 ἔπραττον
560 2171 670 2255 ὥσπερ
695 2168 727 2248 ἐξ
751 2168 911 2252 ἀνάγκης,
936 2167 1006 2234 ἐπεὶ
1030 2169 1184 2243 πολλάκις

170 2286 442 2364 παρανομοῦντες
475 2279 506 2343 οἱ
534 2279 692 2363 άρχοντες
721 2275 741 2359 ἢ
773 2273 826 2340 ἐπὶ
856 2277 1023 2360 δεκασμοῦ
1054 2275 1184 2349 ἁλόντες

130 2395 156 2447 Χ
171 2383 207 2448 ἐν
226 2392 360 2470 φρουρᾷ
377 2385 460 2469 πρὸς
478 2395 546 2448 τῶν
564 2383 743 2467 δημάρχων
761 2379 979 2465 ἀπετέθησαν.
1010 2380 1066 2447 καὶ
1086 2381 1184 2456 άδεῶς

130 2518 156 2556 21
171 2493 207 2556 τὸ
230 2496 361 2574 πλῆθος
384 2489 597 2556 άπέσκωπτεν
619 2491 667 2566 είς
689 2491 767 2566 τοὺς
790 2491 951 2575 άρχοντας
975 2488 1015 2552 οὐ
1035 2487 1183 2574 ῥήμασιν,

171 2595 332 2662 ἀλλὰκαὶ
357 2598 520 2681 σχήμασιν
543 2594 597 2660 ἐπὶ
619 2597 656 2660 τὸ
680 2596 855 2678 γελοιῶδες
879 2597 1005 2678 έχουσι·
1028 2605 1127 2660 τοῦτο
1150 2589 1184 2659 δέ

171 2707 334 2790 ἔπραττον
356 2704 403 2779 εἰς
425 2702 525 2786 τιμην
548 2701 752 2788 ἐλευθερίας,
774 2699 830 2766 καὶ
853 2701 886 2766 οἱ
909 2702 1067 2786 άρχοντες
1085 2701 1184 2766 ἐνεδί-

97 2822 156 2876 ΧΗ
171 2811 285 2894 δοσαν,
310 2807 429 2875 ὡσανεὶ
453 2811 544 2897 νόμῳ
567 2819 606 2895 τῇ
627 2813 791 2895 συνηθείᾳ
808 2816 1092 2894 παραχωροῦντες.
1133 2804 1183 2872 καὶ

241 3009 295 3057 ν.1
317 3002 378 3071 λερδι
392 3000 442 3056 διδι
455 3000 490 3055 τδι
504 3002 542 3071 X,
563 3018 630 3056 corr.
647 3002 690 3056 Rr
744 2997 917 3082 3δόχμοισιν
931 3001 959 3053 Β
1014 2999 1182 3062 6αίιτοῑςΒ

171 3080 186 3128 9
207 3071 249 3128 ὅτι
263 3072 362 3142 κέρδος
376 3105 411 3114 -
425 3070 532 3143 λέγεται
546 3073 624 3127 omis.
640 3074 678 3142 X,
699 3072 826 3142 supplevl
845 3070 974 3142 eGeorg.
990 3070 1105 3126 Cedren.
1121 3071 1181 3124 hist.

170 3162 258 3216 comp.
274 3164 300 3215 p.
317 3151 377 3213 296,
393 3151 409 3198 3
423 3144 516 3198 Bonn:
537 3142 579 3198 ὅτι
597 3142 696 3212 κέρδος
713 3143 731 3213 ἡ
750 3140 895 3211 ἐπίκαιρος
913 3140 991 3204 δόσις
1008 3139 1125 3212 λέγεται,
1144 3163 1182 3211 μι-

169 3220 292 3284 λιαρίσια
306 3215 337 3270 δὲ
352 3216 409 3270 άπδ
428 3223 477 3287 τῆς
490 3211 609 3284 μιλιτίας
626 3213 715 3284 ἤγουν
729 3212 880 3282 στρατείας,
900 3213 915 3268 δ
934 3213 987 3283 γάρ
1002 3211 1131 3269 Σκιπίων
1145 3209 1179 3267 δι’

169 3287 282 3344 ένδειοιν
295 3321 331 3328 -
346 3293 361 3341 8
376 3283 552 3355 ἐπικειμένου
626 3293 657 3340 11
678 3285 832 3356 δαρδάνιος
850 3287 889 3352 X,
910 3284 1061 3353 Δάρδανος
1079 3282 1181 3356 scripsi,

169 3359 203 3413 cf.
228 3358 362 3413 Priscian.
387 3359 430 3413 ed.
454 3358 491 3412 M.
510 3357 595 3411 Hertz
619 3356 692 3427 (Keil
714 3357 807 3412 Gram.
831 3356 993 3426 1at.ss1)11
1014 3375 1041 3424 p.
1062 3360 1181 3426 408,18.

169 3435 231 3499 409,
246 3436 280 3484 30
342 3437 374 3484 13
395 3428 476 3492 οὗτος
489 3429 517 3483 A
580 3433 612 3482 15
632 3429 796 3499 λεροόργουν
810 3459 844 3468 -
860 3433 893 3482 20
912 3425 1092 3497 άπετέθησαν
1107 3426 1179 3482 omis.

169 3502 202 3554 X
254 3507 289 3556 24
304 3510 338 3571 τη
352 3498 441 3571 ἡμέρα
454 3500 541 3568 ταάτη
556 3500 605 3554 καὶ
619 3500 646 3554 ολ
661 3497 846 3556 οἰωνοσκόποι
859 3498 937 3569 παρὰ
951 3495 1085 3570 βωμαίοις
1099 3498 1181 3558 οὕτως

170 3569 329 3638 ἐθέσπιζον·
350 3571 445 3642 ἐπειδὴ
465 3570 518 3644 γὰρ
537 3574 573 3641 (p.
590 3577 631 3641 75,
647 3574 673 3643 3)
692 3575 749 3626 κτλ.
767 3571 802 3626 H
