2556 3996
324 179 433 233 LIBER
451 178 629 244 QUARTUS.
657 179 858 234 IANUARIUS
1061 181 1106 247 65

90 342 290 426 πραγμάτων
318 341 423 426 φησὶν
451 343 554 408 αὐτὸν
580 344 670 428 παρὰ
695 344 859 420 Θούσκοις
884 343 1031 430 οὐρανὸν
1054 343 1106 411 λέ-
1119 356 1147 410 X

92 454 210 530 γεσθαι
233 447 288 512 καὶ
312 451 439 535 έφορον
461 450 568 532 πάσης
590 448 739 536 πράξεως
762 449 817 515 καὶ
837 451 1031 518 Ποπάνωνα
1050 454 1107 518 όιά

88 555 130 620 τὸ
152 554 187 620 έν
206 565 277 630 ταῖς
295 553 485 631 Καλένὸαις
508 554 737 641 ἀναφέρεσθαι
755 559 897 622 πόπανα.
941 560 1107 642 Φοντηλος

89 657 131 726 δέ
158 660 192 726 έν
220 669 266 750 τῷ
293 659 369 747 περὶ
398 660 597 746 ἀγαλμάτων
629 664 756 748 ἔφορον
783 662 887 729 αὐτὸν
914 670 1018 730 οόεται
1045 674 1106 731 τοῦ

89 769 213 846 παντὸς
243 770 369 854 χρόνον
394 769 595 853 τυγχάνειν,
632 768 687 835 καὶ
721 770 824 857 ταύτῃ
863 772 1106 856 ὃωὸεκάβωμον
1134 797 1147 836 ι

89 869 177 940 εἶναι
203 875 262 940 τὸν
289 874 394 940 αὐτοῦ
421 875 505 940 ναὸν
531 877 615 940 κατά
637 876 698 941 τὸν
720 887 788 940 τῶν
810 888 927 961 μηνῶν
949 877 1106 963 ἀριθμόν.

91 981 111 1047 ὁ
135 977 170 1046 δὲ
193 982 315 1064 Γάβιος
339 982 470 1057 Βάσσος
493 980 530 1046 έν
552 990 599 1069 τῷ
621 981 698 1068 περὶ
720 989 813 1048 θεῶν
836 984 979 1068 δαίμονα
1002 983 1106 1050 αὐτὸν
1119 994 1170 1048 XS

90 1081 176 1152 εἶναι
201 1091 325 1172 νομίζει
348 1085 550 1172 τεταγμένον
573 1086 626 1152 έπὶ
650 1098 712 1153 τοῦ
730 1087 838 1176 ἀέρος,
860 1088 916 1154 καὶ
936 1088 978 1154 δι’
1003 1089 1107 1156 αὐτοῦ

88 1195 149 1271 τάς
170 1206 236 1259 τῶν
258 1195 450 1281 ἀνθρώπων
469 1194 566 1278 εὐχὰς
590 1193 819 1281 ἀναφέρεσθαι
841 1207 912 1272 τοῖς
929 1200 1107 1282 κρείττοσι·

87 1300 190 1386 ταότη
214 1301 379 1386 ὃίμορφος
402 1295 489 1366 εἶναι
512 1299 639 1384 λέγεται
660 1303 696 1365 έκ
718 1325 754 1366 τε
776 1312 835 1386 τῆς
856 1304 941 1388 πρὸς
962 1303 1048 1388 ἡμᾶς
1070 1306 1107 1369 ἔκ
1122 1332 1149 1371 ιο

91 1430 126 1471 τε
148 1417 204 1490 τῆς
225 1408 309 1493 πρὸς
331 1409 435 1483 θεοὺς
453 1408 568 1486 ὅψεως.
610 1406 665 1472 καὶ
685 1406 723 1473 έν
740 1417 780 1494 τῇ
798 1407 876 1474 καθ’
898 1408 984 1494 ἡμᾶς
1005 1414 1140 1476 &tia-S

90 1515 225 1600 ὃελφείᾳ
255 1516 304 1579 ἔτι
333 1511 389 1578 καὶ
419 1522 484 1578 νῦν
512 1520 604 1599 ἴχνος
631 1523 689 1596 της
716 1514 932 1600 ἀρχαιότητος
960 1518 1108 1596 σώζεται·

92 1620 130 1692 ἐν
147 1623 209 1707 γάρ
227 1630 267 1707 τῇ
286 1619 391 1706 ἡμέρᾳ
407 1631 475 1686 τῶν
488 1622 673 1686 Καλενόῶν
685 1623 816 1707 πρόεισι
832 1621 1108 1708 ἐσχηματισμένος

92 1726 191 1804 αὐτὸς
218 1729 325 1811 δῆθεν
348 1725 492 1803 ὁἸανὸς
516 1726 553 1792 έν
576 1728 729 1815 ὃιμόρφω
754 1730 935 1817 προσώπῳ,
960 1728 1016 1794 καὶ
1039 1734 1108 1795 Σα-

92 1842 236 1919 τοῦρνον
273 1833 377 1898 αὐτὸν
412 1839 574 1899 καλοῦσιν
612 1825 687 1899 οἷον
718 1837 862 1921 Κρόνον.
918 1836 936 1900 ό
972 1860 1010 1919 γε
1042 1839 1108 1921 μὴν
1121 1849 1149 1902 Χ

93 1941 275 2019 Λουτάτιος
298 1938 421 2005 Ἥλιον
457 1941 546 2027 παρά
582 1942 619 2006 τὸ
655 1938 809 2027 ἑκατέρας
843 1943 950 2026 πύλης
982 1944 1108 2028 ἄρχειν,
1123 1972 1149 2011 ιο

94 2045 253 2132 ἀνατολῆς
285 2054 363 2124 λσως
393 2045 448 2112 καὶ
479 2048 613 2124 δύσεως.
664 2046 747 2132 φασὶ
776 2044 812 2112 δὲ
835 2049 895 2114 τὸν
923 2047 1026 2114 αὐτὸν
1053 2048 1108 2114 καὶ

94 2155 216 2241 ἔφορον
239 2166 306 2220 τῶν
329 2152 382 2219 έπὶ
405 2156 551 2238 πόλεμον
574 2154 755 2240 ὁρμώντων
777 2156 956 2239 τυγχάνειν
977 2153 1033 2220 καὶ
1052 2158 1108 2221 ὃιά

94 2256 153 2342 μέν
184 2268 243 2344 τῆς
274 2270 352 2345 μιάς
381 2263 489 2339 ὅψεως
518 2259 725 2345 ἀποπέμπειν
755 2261 812 2325 ὃιά
842 2257 879 2326 δέ
908 2271 966 2345 τῆς
996 2261 1108 2349 ἑτέρας

95 2365 330 2433 ἀνακαλεῖσθαι
366 2367 404 2432 τὸ
440 2368 633 2453 στράτευμα.
693 2367 711 2432 ὁ
745 2363 782 2432 δὲ
815 2366 1057 2453 Πραιτέξτατος
1089 2370 1151 2437 ὀνο

96 2473 304 2558 ἱεροφάντης,
328 2473 345 2539 ὁ
371 2475 544 2562 Σωπάτρφ
566 2498 602 2539 τε
624 2482 671 2562 τῷ
693 2479 827 2560 τελεστῇ
850 2474 906 2540 καὶ
928 2479 1109 2541 Κωνσταν-

95 2581 170 2669 τίνῳ
198 2588 245 2667 τῷ
272 2579 499 2667 αὐτοκράτορι
527 2579 704 2665 συλλαβὼν
732 2579 785 2646 έπὶ
812 2590 859 2669 τῷ
881 2588 1033 2671 πολισμῷ
1051 2591 1109 2666 τῆς

161 2809 186 2845 v.
202 2797 217 2845 7
238 2789 342 2844 Gavius
356 2790 459 2844 Bassus
479 2790 513 2845 of.
528 2790 651 2846 Macrob.
667 2791 719 2845 Sat
740 2790 761 2860 I,
781 2797 806 2860 9,
822 2797 855 2846 13
925 2799 957 2847 16
976 2792 1108 2847 Lutatius

98 2858 208 2916 Catulus
226 2861 260 2917 fr.
277 2868 291 2916 7
311 2862 395 2915 Peter
412 2861 494 2915 ΗΒΕ
513 2880 539 2931 p.
556 2867 606 2916 127

162 3075 187 3110 v.
207 3062 223 3109 2
246 3055 385 3112 ποπάωνα
413 3057 441 3112 Β
536 3063 552 3111 3
579 3057 732 3127 φροντήῖος
759 3060 801 3128 Χ,
831 3060 967 3127 Φοντήιος
989 3059 1109 3114 Wachs-

99 3127 173 3181 muth
196 3128 231 3181 de
250 3131 302 3184 ost.
321 3147 347 3198 p.
368 3129 459 3182 XXVI
535 3135 550 3182 7
570 3126 613 3183 ότι
632 3129 648 3184 ὁ
667 3128 698 3184 δὲ
716 3128 815 3202 γάβιος
833 3163 867 3171 -
887 3136 920 3185 15
939 3128 1043 3200 κρόνου
1061 3130 1084 3185 S

100 3194 173 3264 γάϊος
190 3199 229 3271 Α,
237 3201 273 3266 Β,
292 3199 390 3271 γάβιος
407 3201 435 3254 Α
451 3203 456 3272 Ι
472 3200 559 3255 αὐτὸν
578 3199 657 3256 omis.
672 3201 695 3256 S
765 3207 781 3254 8
801 3197 874 3256 εἶναι
892 3201 942 3256 τὸν
961 3201 1043 3256 λανον
1062 3201 1083 3256 S

101 3265 228 3411 ἀέτάὐτόῗ
246 3269 352 3412 όάὶὴδιά
372 3272 459 3398 αάηὸν
477 3272 516 3396 141²
531 3288 625 3398 ἀόιῗτῗν
638 3375 672 3383 -
689 3277 732 3396 1150
741 3272 854 3399 κέκόνόάς
866 3272 947 3398 offic
964 3271 1108 3397 ἕζεοὶόςτιέἀ

103 3362 341 3483 ονγγρςαφάιςςτῶμν
353 3364 494 3469 ςτοιοάτων
513 3415 599 3483 φησὶν
622 3412 665 3468 ὅτι
685 3413 716 3468 έν
733 3364 774 3483 τά
786 3415 818 3483 S,
842 3416 890 3468 καλ
909 3387 943 3469 έν.
958 3387 1110 3486 τῇέοτὶμεὶ

103 3484 133 3603 ἐξ
156 3484 192 3609 τὸ,
215 3482 327 3625 ἑῆκτὲρας
353 3485 395 3551 A,
423 3483 469 3554 ἐφ’
496 3482 628 3553 ἑκατέρας
654 3485 697 3557 Α,
728 3501 830 3555 marg„
863 3486 894 3540 τὸ
922 3483 1054 3556 ἑκατέρας
1081 3488 1109 3540 Β

150 3573 176 3608 τε
193 3574 221 3609 ετ

151 3652 229 3696 Ianus
244 3655 279 3696 sd.
292 3656 443 3698 Wuonssh.
933 3653 949 3701 ὅ
