2556 3996
190 185 255 250 104
449 185 557 238 LIBER
576 183 753 249 QUARTUS.
779 185 940 241 MARTIUS

110 362 173 416 Par.
189 350 334 432 βόντων,
369 349 581 432 Φιλάδελφος
613 347 873 433 έπιιιειιλημένος.
925 348 1046 433 ταύτης
1076 346 1117 414 δὲ
1151 360 1207 434 τῆς

184 453 339 540 Ἑβραίοις
367 456 538 539 Σιβύλλης
565 458 671 543 βίβλῳ
699 453 856 539 ἐνέτυχον
883 453 920 520 έν
946 456 1088 542 Κύπρῳ,
1120 455 1160 521 ἐν
1187 447 1206 542 ᾖ

187 563 295 627 πολλὰ
308 559 364 626 καὶ
378 572 446 627 τῶν
459 559 685 646 <ἕλληνιιιῶν>
698 562 956 648 προφητεύσασα
972 563 1205 646 διαλαμβάνει·

187 665 243 732 καὶ
266 667 381 753 μέντοι
403 666 459 734 καὶ
476 667 554 753 περὶ
568 667 723 753 Ὁμήρου,
746 668 797 734 ὅτι
816 666 992 753 ἀναστήσει
1010 668 1029 734 ὁ
1047 670 1131 746 θεὸς
1150 671 1204 734 άν-

162 777 331 860 τθρωπόν
353 798 429 840 τινα
452 777 571 859 σοφόν,
595 774 631 850 ὃς
654 776 713 840 τὸν
736 785 804 839 τῶν
823 774 943 859 ἡρώων
960 777 1108 859 πόλεμον
1128 774 1203 840 άνα-
1262 835 1264 844 ⁴

186 882 349 966 γράψεται
363 879 419 946 καὶ
437 884 516 958 τοῦς
534 881 790 965 γενναιοτάτους
807 881 935 946 τούτων
950 881 1105 966 ὑμνήσει·
1124 903 1202 967 προ·
1262 847 1264 902 ⁴

188 986 277 1070 λέγει
300 983 338 1053 δὲ
360 986 416 1053 καὶ
438 985 514 1073 περὶ
533 992 680 1073 Χριστοῦ
703 986 759 1052 καὶ
781 999 849 1052 τῶν
870 989 951 1072 μετὰ
972 989 1036 1071 τὴν
1056 993 1200 1074 Χριστοῦ
1263 1007 1264 1020 ·

187 1097 377 1179 παρουσίαν
412 1093 656 1178 γεγενημένων·
692 1092 747 1159 καὶ
784 1093 898 1178 μέντοι
934 1093 989 1159 καὶ
1025 1093 1102 1182 περὶ
1138 1105 1200 1159 τῶν
1263 1107 1264 1140 ³

188 1200 421 1285 γενησομένων
444 1200 505 1277 ἕως
527 1210 586 1285 τής
609 1203 809 1284 συντελείας,
833 1200 870 1265 ἐν
893 1192 944 1277 οἷς
965 1200 1021 1266 καὶ
1039 1199 1117 1288 περὶ
1135 1201 1198 1265 Κύ-

148 1333 175 1372 ιο
188 1329 277 1393 πρου
299 1305 354 1372 καὶ
373 1307 574 1392 Ἀντιοχείας
596 1308 794 1392 παλίμφημά
816 1331 892 1372 τινα
909 1310 1125 1392 προφητεύει,
1146 1315 1200 1389 τής

187 1410 249 1498 μὲν
272 1415 316 1491 ὡς
338 1413 470 1502 πολέμῳ
493 1413 699 1498 πεσονμένης
721 1412 776 1478 καὶ
794 1410 903 1498 μηκέτ’
926 1413 1197 1500 άναστησομέιης,

187 1531 245 1605 τής
268 1518 305 1586 δὲ
328 1525 433 1605 νήσου
455 1521 665 1605 ὑποβρυχίου
688 1518 923 1604 γενησομένης·
946 1519 1028 1603 φησὶ
1051 1524 1132 1607 γάρ·

237 1630 377 1712 Τλήμοον
394 1626 589 1710 Ἀντιόχεια,
613 1622 650 1691 σὲ
673 1622 710 1691 δὲ
732 1628 853 1691 πτόλιν
876 1623 988 1692 οὔποτ’
1012 1625 1158 1711 ἐροῦσιν,

232 1729 306 1800 εὖτε
328 1734 600 1820 κακοφροσύνησι
623 1743 711 1809 τεαῖς
733 1731 810 1817 περὶ
834 1733 975 1818 δούρασι
997 1737 1139 1817 πίπτεις,

147 1866 174 1906 15
187 1838 243 1906 καὶ
267 1838 339 1924 ἕξής
524 1835 526 1842 ’

233 1949 271 2012 αλ
291 1949 328 2011 αἲ
348 1946 466 2032 Κύπρε
488 1948 637 2030 τάλαινα,
661 1943 698 2011 σὲ
721 1945 758 2012 δὲ
780 1945 864 2030 μέγα
886 1956 974 2031 κῦμα
996 1948 1138 2026 καλύψει

232 2055 334 2138 ήμασι
357 2057 561 2141 χειμερίῃσιν
584 2051 763 2138 ὀρινομένη
786 2076 822 2118 τε
844 2055 1006 2119 θάλασσα
1262 2125 1263 2136 ,

187 2159 351 2246 προέλαβε
374 2156 412 2224 δὲ
438 2160 500 2242 τήν
522 2168 583 2224 τοῦ
606 2163 753 2244 Χριστοῦ
781 2163 970 2244 παρουσίαν
992 2157 1076 2243 αύτη
1099 2159 1120 2243 ή
1141 2158 1192 2222 Σί-

187 2271 295 2350 βυλλα
323 2268 378 2349 έτη
406 2267 568 2348 δισχίλια,
597 2259 637 2348 ής
667 2263 736 2329 ἐστι
763 2264 819 2330 καὶ
846 2275 945 2331 τοῦτο
973 2267 1011 2331 τὸ
1039 2268 1119 2342 ἔπος
1143 2265 1192 2328 τὸν
1262 2275 1263 2282 ’

147 2399 174 2438 εο
187 2377 299 2458 τίμιον
322 2373 468 2457 σταυρὸν
489 2371 699 2457 προμηνῦον·

233 2476 259 2545 ὧ
283 2478 385 2558 ξύλον
408 2474 434 2543 ὦ
457 2480 670 2563 μακαριστόν,
694 2475 751 2561 ὑφ’
776 2472 817 2542 οὗ
839 2479 920 2555 θεὸς
943 2477 1151 2562 ἐξετανύσθη.

81 2598 131 2653 XS
140 2597 204 2652 Par.
221 2586 271 2651 ὅτι
285 2583 439 2670 τέταρτος
452 2584 516 2650 άπὸ
531 2583 655 2668 Ῥώμου
674 2593 734 2648 τοῦ
748 2585 896 2649 οἰκιστοῦ
914 2586 1071 2667 βασιλεὺς
1085 2585 1122 2651 ἐν
1134 2587 1229 2648 ΙιτΙίλλ

184 2692 288 2779 Ῥώμη
312 2690 428 2775 γέγονε
455 2691 640 2777 Ταρκύνιος
663 2693 824 2776 Πρίσκος·
848 2691 933 2774 γυνὴ
957 2689 998 2756 δέ
1017 2715 1068 2768 τις
1087 2690 1190 2778 Ἀμάλ-

187 2807 266 2866 θεια
285 2795 370 2883 ἦλθε
387 2799 470 2884 πρὸς
490 2799 593 2863 αὐτὸν
609 2795 829 2882 ἐπιφερομένη
848 2808 937 2882 τρεῖς
955 2801 1104 2882 βίβλους,
1126 2818 1190 2884 χρη-

258 2958 282 2994 v.
300 2944 333 2992 13
341 2956 381 3006 οη.
402 2943 483 3006 lsssq.
510 2937 544 2992 cf.
572 2936 694 2991 Oracula
719 2933 860 3006 Sibyllina
885 2937 928 2990 ed.
951 2935 1047 2991 Rzach
1070 2937 1117 3008 IV,
1140 2939 1189 2991 140.

189 3016 399 3065 141.143.144.
418 3009 635 3078 xffl,125.126
708 3013 741 3060 τι
762 3007 807 3064 01.
823 3006 940 3077 Sib.'V1,
955 3014 989 3062 νο
1261 3001 1262 3036 ¹

258 3153 282 3188 v.
298 3140 313 3187 2
333 3130 430 3205 βίβλον
445 3135 521 3202 Ρατ,
539 3149 607 3187 corr.
623 3131 675 3186 (λυ.
689 3132 769 3186 ΚεοΙΙ
837 3137 853 3184 3
868 3130 1017 3202 ἑλληνινῶν
1031 3128 1189 3204 suppleviin

186 3205 291 3259 lacuna
309 3207 373 3258 octo
391 3203 450 3258 fere
471 3203 632 3257 litterarum
651 3205 718 3259 Par.
793 3209 826 3256 13
844 3206 947 3273 τλῆμον
965 3204 1032 3258 Par.
1107 3211 1141 3259 20
1156 3199 1189 3256 ύτι

188 3276 277 3348 (omis.
292 3277 333 3345 X)
352 3271 399 3329 ἐπὶ
416 3271 567 3342 ταρκυνίου
585 3273 704 3343 πρίονου
717 3281 770 3329 τοῦ
784 3271 869 3344 βηχὸς
882 3272 1010 3343 άμαλῦίοι
1023 3275 1145 3345 τοῦνομά
1156 3289 1189 3331 τις

187 3351 239 3417 (τις
256 3345 381 3415 τούνομα
399 3346 433 3415 S)
453 3345 523 3414 γυνὴ
541 3340 609 3411 ἡκεν
628 3347 665 3408 ὡς
683 3343 770 3400 αύτύν
786 3377 817 3386 -
832 3363 858 3414 p.
875 3351 934 3414 106,
951 3347 1133 3416 12.φυλαιιὴν
1146 3337 1191 3400 XS

188 3423 223 3471 24
241 3419 358 3488 χρησμοί
376 3415 407 3471 δὲ
426 3416 553 3487 σιβύλλης
570 3424 619 3485 τῆς
637 3415 758 3486 κυμαίας
780 3412 941 3487 ἐτύγχανον,
961 3412 1085 3485 ἐπεζήτει
1105 3417 1135 3473 δὲ
1150 3415 1190 3470 τὸν

57 3501 70 3532 ⁴
188 3487 270 3557 (κατὰ
290 3488 371 3612 οᾱὶιέ,ς
370 3489 414 3557 Χ)
432 3483 546 3558 βασιλέα
564 3486 654 3557 (omis.
674 3489 719 3558 X)
736 3487 887 3555 τριάκοντα
906 3487 1021 3550 τούτους
1038 3488 1189 3544 ἀποδόσθαι

188 3567 297 3628 χρυσῶν
