<?xml version="1.0" encoding="UTF-8"?>
<!DOCTYPE html PUBLIC "-//W3C//DTD XHTML 1.0 Transitional//EN"
    "http://www.w3.org/TR/xhtml1/DTD/xhtml1-transitional.dtd">
<html xmlns="http://www.w3.org/1999/xhtml" xml:lang="en" lang="en">
 <head>
  <title>
</title>
<meta http-equiv="Content-Type" content="text/html;charset=utf-8" />
  <meta name='ocr-system' content='tesseract 3.04.00' />
  <meta name='ocr-capabilities' content='ocr_page ocr_carea ocr_par ocr_line ocrx_word'/>
</head>
<body>
  <div class='ocr_page' id='page_1' title='image "./ioannislaurenti01wuengoog_0012.png"; bbox 0 0 2524 3984; ppageno 0'>
   <div class='ocr_carea' id='block_1_1' title="bbox 190 1145 1140 1237">
    <p class='ocr_par' dir='ltr' id='par_1_1' title="bbox 190 1145 1140 1237">
     <span class='ocr_line' id='line_1_1' title="bbox 190 1145 1140 1237; baseline 0.003 -25"><span class='ocrx_word' id='word_1_1' title='bbox 190 1145 239 1211; x_wconf 82' lang='lat' dir='ltr'>‘H</span> <span class='ocrx_word' id='word_1_2' title='bbox 268 1145 424 1235; x_wconf 75' lang='grc' dir='ltr'>(Ἰωάννου</span> <span class='ocrx_word' id='word_1_3' title='bbox 456 1153 643 1233; x_wconf 79' lang='grc' dir='ltr'>Λαυρεντίαν</span> <span class='ocrx_word' id='word_1_4' title='bbox 678 1149 885 1231; x_wconf 75' lang='grc' dir='ltr'>Φιλαδελφὲως</span> <span class='ocrx_word' id='word_1_5' title='bbox 928 1163 981 1214; x_wconf 75' lang='grc' dir='ltr'>τοῦ</span> <span class='ocrx_word' id='word_1_6' title='bbox 1016 1148 1140 1237; x_wconf 71' lang='grc' dir='ltr'>Λυδοῦ)</span> 
     </span>
    </p>
   </div>
   <div class='ocr_carea' id='block_1_2' title="bbox 125 1233 1144 3632">
    <p class='ocr_par' dir='ltr' id='par_1_2' title="bbox 125 1233 1144 3632">
     <span class='ocr_line' id='line_1_2' title="bbox 127 1233 1141 1324; baseline 0.004 -24"><span class='ocrx_word' id='word_1_7' title='bbox 127 1239 194 1320; x_wconf 75' lang='grc' dir='ltr'>περὶ</span> <span class='ocrx_word' id='word_1_8' title='bbox 222 1248 325 1319; x_wconf 81' lang='grc' dir='ltr'><em>μηνῶν</em></span> <span class='ocrx_word' id='word_1_9' title='bbox 352 1233 576 1324; x_wconf 76' lang='grc' dir='ltr'>(πραγματεία),</span> <span class='ocrx_word' id='word_1_10' title='bbox 607 1242 635 1302; x_wconf 81' lang='grc' dir='ltr'>εἰ</span> <span class='ocrx_word' id='word_1_11' title='bbox 658 1239 709 1302; x_wconf 78' lang='grc' dir='ltr'>ταὶ</span> <span class='ocrx_word' id='word_1_12' title='bbox 736 1241 811 1303; x_wconf 78' lang='grc' dir='ltr'><em>πολὺ</em></span> <span class='ocrx_word' id='word_1_13' title='bbox 843 1241 876 1304; x_wconf 80' lang='grc' dir='ltr'>τὸ</span> <span class='ocrx_word' id='word_1_14' title='bbox 902 1239 1047 1324; x_wconf 70' lang='grc' dir='ltr'>ἄχρηστον</span> <span class='ocrx_word' id='word_1_15' title='bbox 1076 1242 1141 1323; x_wconf 78' lang='grc' dir='ltr'><strong><em>ἔχει,</em></strong></span> 
     </span>
     <span class='ocr_line' id='line_1_3' title="bbox 127 1319 1141 1413; baseline 0.004 -24"><span class='ocrx_word' id='word_1_16' title='bbox 127 1322 193 1389; x_wconf 81' lang='grc' dir='ltr'><strong><em>ἀλλ’</em></strong></span> <span class='ocrx_word' id='word_1_17' title='bbox 216 1319 271 1390; x_wconf 69' lang='grc' dir='ltr'>οὖν</span> <span class='ocrx_word' id='word_1_18' title='bbox 302 1329 376 1410; x_wconf 81' lang='grc' dir='ltr'><em>πρὸς</em></span> <span class='ocrx_word' id='word_1_19' title='bbox 406 1329 462 1409; x_wconf 77' lang='grc' dir='ltr'>τὴν</span> <span class='ocrx_word' id='word_1_20' title='bbox 493 1339 546 1410; x_wconf 80' lang='grc' dir='ltr'>τῆς</span> <span class='ocrx_word' id='word_1_21' title='bbox 577 1329 765 1413; x_wconf 77' lang='grc' dir='ltr'>ἀρχαιότητος</span> <span class='ocrx_word' id='word_1_22' title='bbox 797 1331 931 1410; x_wconf 73' lang='grc' dir='ltr'><em>μάθησιν</em></span> <span class='ocrx_word' id='word_1_23' title='bbox 966 1330 1083 1412; x_wconf 80' lang='grc' dir='ltr'>ἐπίχαρί</span> <span class='ocrx_word' id='word_1_24' title='bbox 1111 1354 1141 1393; x_wconf 80' lang='grc' dir='ltr'>τε</span> 
     </span>
     <span class='ocr_line' id='line_1_4' title="bbox 126 1416 1141 1499; baseline 0.002 -21"><span class='ocrx_word' id='word_1_25' title='bbox 126 1416 176 1478; x_wconf 77' lang='grc' dir='ltr'>καὶ</span> <span class='ocrx_word' id='word_1_26' title='bbox 198 1419 266 1478; x_wconf 81' lang='grc' dir='ltr'>λίαν</span> <span class='ocrx_word' id='word_1_27' title='bbox 287 1419 435 1499; x_wconf 73' lang='grc' dir='ltr'>χρειῶδεςτ</span> <span class='ocrx_word' id='word_1_28' title='bbox 462 1421 505 1479; x_wconf 88' lang='lat' dir='ltr'>sio</span> <span class='ocrx_word' id='word_1_29' title='bbox 532 1421 603 1479; x_wconf 90' lang='lat' dir='ltr'>olim</span> <span class='ocrx_word' id='word_1_30' title='bbox 626 1421 662 1479; x_wconf 91' lang='lat' dir='ltr'>de</span> <span class='ocrx_word' id='word_1_31' title='bbox 684 1420 773 1496; x_wconf 86' lang='lat' dir='ltr'>libre,</span> <span class='ocrx_word' id='word_1_32' title='bbox 802 1440 891 1497; x_wconf 90' lang='lat' dir='ltr'>quem</span> <span class='ocrx_word' id='word_1_33' title='bbox 912 1421 1039 1481; x_wconf 90' lang='lat' dir='ltr'>Ioannes</span> <span class='ocrx_word' id='word_1_34' title='bbox 1062 1422 1141 1480; x_wconf 85' lang='lat' dir='ltr'>Lau·</span> 
     </span>
     <span class='ocr_line' id='line_1_5' title="bbox 126 1507 1141 1585; baseline 0.004 -19"><span class='ocrx_word' id='word_1_35' title='bbox 126 1508 242 1567; x_wconf 89' lang='lat' dir='ltr'>rentius</span> <span class='ocrx_word' id='word_1_36' title='bbox 264 1507 366 1584; x_wconf 83' lang='lat' dir='ltr'>Lydus</span> <span class='ocrx_word' id='word_1_37' title='bbox 393 1509 567 1585; x_wconf 69' lang='lat' dir='ltr'>consempsit</span> <span class='ocrx_word' id='word_1_38' title='bbox 594 1510 630 1568; x_wconf 91' lang='lat' dir='ltr'>de</span> <span class='ocrx_word' id='word_1_39' title='bbox 656 1509 821 1584; x_wconf 90' lang='lat' dir='ltr'>mensibus,</span> <span class='ocrx_word' id='word_1_40' title='bbox 849 1510 994 1570; x_wconf 88' lang='lat' dir='ltr'>iudicavit</span> <span class='ocrx_word' id='word_1_41' title='bbox 1015 1511 1141 1570; x_wconf 86' lang='lat' dir='ltr'>Photius</span> 
     </span>
     <span class='ocr_line' id='line_1_6' title="bbox 126 1589 1140 1678; baseline 0.002 -23"><span class='ocrx_word' id='word_1_42' title='bbox 126 1597 299 1672; x_wconf 90' lang='lat' dir='ltr'>patriarcha</span> <span class='ocrx_word' id='word_1_43' title='bbox 327 1589 411 1678; x_wconf 90' lang='lat' dir='ltr'><strong>(bibl.</strong></span> <span class='ocrx_word' id='word_1_44' title='bbox 440 1599 502 1657; x_wconf 88' lang='lat' dir='ltr'>cod.</span> <span class='ocrx_word' id='word_1_45' title='bbox 528 1599 621 1676; x_wconf 84' lang='lat'>180),</span> <span class='ocrx_word' id='word_1_46' title='bbox 655 1599 737 1658; x_wconf 90' lang='lat' dir='ltr'>cuius</span> <span class='ocrx_word' id='word_1_47' title='bbox 766 1599 876 1658; x_wconf 90' lang='lat' dir='ltr'>iudicio</span> <span class='ocrx_word' id='word_1_48' title='bbox 906 1600 994 1658; x_wconf 90' lang='lat' dir='ltr'>hodie</span> <span class='ocrx_word' id='word_1_49' title='bbox 1021 1618 1140 1676; x_wconf 90' lang='lat' dir='ltr'>quoque</span> 
     </span>
     <span class='ocr_line' id='line_1_7' title="bbox 127 1685 1140 1764; baseline 0.002 -20"><span class='ocrx_word' id='word_1_50' title='bbox 127 1685 266 1744; x_wconf 74' lang='lat' dir='ltr'><strong>assentiri</strong></span> <span class='ocrx_word' id='word_1_51' title='bbox 293 1705 458 1762; x_wconf 87' lang='lat' dir='ltr'>possumus.</span> <span class='ocrx_word' id='word_1_52' title='bbox 505 1687 640 1763; x_wconf 85' lang='lat' dir='ltr'>quamvis</span> <span class='ocrx_word' id='word_1_53' title='bbox 670 1687 750 1746; x_wconf 91' lang='lat' dir='ltr'>enim</span> <span class='ocrx_word' id='word_1_54' title='bbox 779 1688 875 1746; x_wconf 90' lang='lat' dir='ltr'>altera</span> <span class='ocrx_word' id='word_1_55' title='bbox 906 1707 942 1746; x_wconf 82' lang='lat' dir='ltr'>ex</span> <span class='ocrx_word' id='word_1_56' title='bbox 970 1691 1057 1764; x_wconf 89' lang='lat' dir='ltr'>parte</span> <span class='ocrx_word' id='word_1_57' title='bbox 1087 1708 1140 1746; x_wconf 93' lang='lat' dir='ltr'>nu-</span> 
     </span>
     <span class='ocr_line' id='line_1_8' title="bbox 126 1775 1140 1852; baseline 0.002 -20"><span class='ocrx_word' id='word_1_58' title='bbox 126 1793 235 1851; x_wconf 88' lang='lat' dir='ltr'>garum</span> <span class='ocrx_word' id='word_1_59' title='bbox 267 1776 462 1851; x_wconf 82' lang='lat' dir='ltr'>mysticarum</span> <span class='ocrx_word' id='word_1_60' title='bbox 495 1777 671 1851; x_wconf 90' lang='lat' dir='ltr'>multitudo,</span> <span class='ocrx_word' id='word_1_61' title='bbox 707 1776 806 1852; x_wconf 87' lang='lat' dir='ltr'>qualis</span> <span class='ocrx_word' id='word_1_62' title='bbox 842 1776 879 1834; x_wconf 90' lang='lat' dir='ltr'>ab</span> <span class='ocrx_word' id='word_1_63' title='bbox 915 1775 1027 1836; x_wconf 81' lang='lat' dir='ltr'>Ioanne</span> <span class='ocrx_word' id='word_1_64' title='bbox 1063 1775 1140 1834; x_wconf 91' lang='lat' dir='ltr'>Lau·</span> 
     </span>
     <span class='ocr_line' id='line_1_9' title="bbox 125 1863 1140 1942; baseline 0.004 -22"><span class='ocrx_word' id='word_1_65' title='bbox 125 1863 224 1922; x_wconf 84' lang='lat' dir='ltr'>rentio</span> <span class='ocrx_word' id='word_1_66' title='bbox 250 1864 416 1940; x_wconf 85' lang='lat' dir='ltr'>profertur,</span> <span class='ocrx_word' id='word_1_67' title='bbox 445 1864 537 1942; x_wconf 91' lang='lat' dir='ltr'>digua</span> <span class='ocrx_word' id='word_1_68' title='bbox 564 1865 615 1925; x_wconf 86' lang='lat' dir='ltr'>vix</span> <span class='ocrx_word' id='word_1_69' title='bbox 643 1865 781 1924; x_wconf 81' lang='lat' dir='ltr'>videatur</span> <span class='ocrx_word' id='word_1_70' title='bbox 808 1883 884 1940; x_wconf 88' lang='lat' dir='ltr'>esse,</span> <span class='ocrx_word' id='word_1_71' title='bbox 915 1885 992 1940; x_wconf 90' lang='lat' dir='ltr'>quae</span> <span class='ocrx_word' id='word_1_72' title='bbox 1015 1865 1140 1941; x_wconf 76' lang='lat' dir='ltr'>posteris</span> 
     </span>
     <span class='ocr_line' id='line_1_10' title="bbox 126 1952 1140 2030; baseline 0.002 -20"><span class='ocrx_word' id='word_1_73' title='bbox 126 1952 274 2026; x_wconf 85' lang='lat' dir='ltr'>tradatur,</span> <span class='ocrx_word' id='word_1_74' title='bbox 296 1955 398 2012; x_wconf 89' lang='lat' dir='ltr'>tamen</span> <span class='ocrx_word' id='word_1_75' title='bbox 421 1973 456 2013; x_wconf 82' lang='lat' dir='ltr'>ex</span> <span class='ocrx_word' id='word_1_76' title='bbox 479 1955 574 2014; x_wconf 87' lang='lat' dir='ltr'>altera</span> <span class='ocrx_word' id='word_1_77' title='bbox 597 1957 675 2013; x_wconf 89' lang='lat' dir='ltr'>certe</span> <span class='ocrx_word' id='word_1_78' title='bbox 699 1973 806 2030; x_wconf 89' lang='lat' dir='ltr'>operae</span> <span class='ocrx_word' id='word_1_79' title='bbox 829 1957 875 2013; x_wconf 91' lang='lat' dir='ltr'>est</span> <span class='ocrx_word' id='word_1_80' title='bbox 892 1955 1022 2030; x_wconf 89' lang='lat' dir='ltr'>pretium</span> <span class='ocrx_word' id='word_1_81' title='bbox 1039 1953 1140 2012; x_wconf 91' lang='lat' dir='ltr'>multi-</span> 
     </span>
     <span class='ocr_line' id='line_1_11' title="bbox 126 2041 1142 2119; baseline 0.001 -20"><span class='ocrx_word' id='word_1_82' title='bbox 126 2041 236 2100; x_wconf 88' lang='lat' dir='ltr'>fariam</span> <span class='ocrx_word' id='word_1_83' title='bbox 254 2042 338 2100; x_wconf 89' lang='lat' dir='ltr'>illam</span> <span class='ocrx_word' id='word_1_84' title='bbox 356 2042 530 2116; x_wconf 86' lang='lat' dir='ltr'>doctrinam,</span> <span class='ocrx_word' id='word_1_85' title='bbox 553 2062 613 2117; x_wconf 94' lang='lat' dir='ltr'>qua</span> <span class='ocrx_word' id='word_1_86' title='bbox 630 2043 770 2119; x_wconf 79' lang='lat' dir='ltr'><strong>Byzantii</strong></span> <span class='ocrx_word' id='word_1_87' title='bbox 789 2043 939 2118; x_wconf 89' lang='lat' dir='ltr'>quondam</span> <span class='ocrx_word' id='word_1_88' title='bbox 958 2043 1142 2101; x_wconf 76' lang='lat' dir='ltr'>excellebant</span> 
     </span>
     <span class='ocr_line' id='line_1_12' title="bbox 127 2130 1141 2209; baseline 0.001 -21"><span class='ocrx_word' id='word_1_89' title='bbox 127 2130 194 2204; x_wconf 81' lang='lat' dir='ltr'>viri,</span> <span class='ocrx_word' id='word_1_90' title='bbox 217 2131 270 2205; x_wconf 90' lang='lat' dir='ltr'>qui</span> <span class='ocrx_word' id='word_1_91' title='bbox 294 2130 374 2190; x_wconf 90' lang='lat' dir='ltr'>docti</span> <span class='ocrx_word' id='word_1_92' title='bbox 396 2131 596 2207; x_wconf 71' lang='lat' dir='ltr'>habebantur,</span> <span class='ocrx_word' id='word_1_93' title='bbox 619 2132 737 2207; x_wconf 89' lang='lat' dir='ltr'>plenius</span> <span class='ocrx_word' id='word_1_94' title='bbox 761 2150 935 2209; x_wconf 84' lang='lat' dir='ltr'>cognoscere</span> <span class='ocrx_word' id='word_1_95' title='bbox 958 2134 1001 2206; x_wconf 89' lang='lat' dir='ltr'>et,</span> <span class='ocrx_word' id='word_1_96' title='bbox 1025 2151 1086 2207; x_wconf 90' lang='lat' dir='ltr'>qua</span> <span class='ocrx_word' id='word_1_97' title='bbox 1109 2131 1141 2189; x_wconf 88' lang='lat' dir='ltr'>in</span> 
     </span>
     <span class='ocr_line' id='line_1_13' title="bbox 126 2219 1141 2296; baseline 0.001 -19"><span class='ocrx_word' id='word_1_98' title='bbox 126 2238 158 2277; x_wconf 90' lang='lat' dir='ltr'>re</span> <span class='ocrx_word' id='word_1_99' title='bbox 192 2238 308 2278; x_wconf 90' lang='lat' dir='ltr'>summa</span> <span class='ocrx_word' id='word_1_100' title='bbox 340 2219 416 2296; x_wconf 89' lang='lat' dir='ltr'>eius,</span> <span class='ocrx_word' id='word_1_101' title='bbox 451 2239 529 2296; x_wconf 91' lang='lat' dir='ltr'>quae</span> <span class='ocrx_word' id='word_1_102' title='bbox 561 2219 724 2280; x_wconf 88' lang='lat' dir='ltr'>Laurentio</span> <span class='ocrx_word' id='word_1_103' title='bbox 761 2221 887 2280; x_wconf 80' lang='lat' dir='ltr'>attribui</span> <span class='ocrx_word' id='word_1_104' title='bbox 923 2221 1011 2296; x_wconf 92' lang='lat' dir='ltr'>solet,</span> <span class='ocrx_word' id='word_1_105' title='bbox 1044 2220 1141 2278; x_wconf 90' lang='lat' dir='ltr'>laudis</span> 
     </span>
     <span class='ocr_line' id='line_1_14' title="bbox 126 2307 1140 2386; baseline 0.001 -20"><span class='ocrx_word' id='word_1_106' title='bbox 126 2307 227 2383; x_wconf 90' lang='lat' dir='ltr'>posita</span> <span class='ocrx_word' id='word_1_107' title='bbox 250 2311 308 2383; x_wconf 90' lang='lat' dir='ltr'>est,</span> <span class='ocrx_word' id='word_1_108' title='bbox 333 2309 433 2384; x_wconf 91' lang='lat' dir='ltr'>ipsum</span> <span class='ocrx_word' id='word_1_109' title='bbox 455 2311 572 2368; x_wconf 88' lang='lat' dir='ltr'>secutos</span> <span class='ocrx_word' id='word_1_110' title='bbox 591 2309 630 2367; x_wconf 91' lang='lat' dir='ltr'>ad</span> <span class='ocrx_word' id='word_1_111' title='bbox 653 2309 749 2368; x_wconf 90' lang='lat' dir='ltr'>fontes</span> <span class='ocrx_word' id='word_1_112' title='bbox 773 2310 963 2385; x_wconf 80' lang='lat' dir='ltr'>adscendere,</span> <span class='ocrx_word' id='word_1_113' title='bbox 991 2329 1007 2369; x_wconf 90' lang='lat' dir='ltr'>e</span> <span class='ocrx_word' id='word_1_114' title='bbox 1031 2309 1140 2386; x_wconf 89' lang='lat' dir='ltr'>quibus</span> 
     </span>
     <span class='ocr_line' id='line_1_15' title="bbox 127 2397 1140 2458; baseline 0.001 -3"><span class='ocrx_word' id='word_1_115' title='bbox 127 2397 283 2456; x_wconf 88' lang='lat' dir='ltr'>scientiam</span> <span class='ocrx_word' id='word_1_116' title='bbox 307 2415 393 2456; x_wconf 91' lang='lat' dir='ltr'>suam</span> <span class='ocrx_word' id='word_1_117' title='bbox 414 2398 555 2457; x_wconf 87' lang='lat' dir='ltr'>hauserit.</span> <span class='ocrx_word' id='word_1_118' title='bbox 597 2417 665 2456; x_wconf 87' lang='lat' dir='ltr'>cum</span> <span class='ocrx_word' id='word_1_119' title='bbox 683 2417 753 2457; x_wconf 87' lang='lat' dir='ltr'>vero</span> <span class='ocrx_word' id='word_1_120' title='bbox 776 2397 898 2457; x_wconf 89' lang='lat' dir='ltr'>illorum</span> <span class='ocrx_word' id='word_1_121' title='bbox 920 2399 1050 2458; x_wconf 88' lang='lat' dir='ltr'>fontium</span> <span class='ocrx_word' id='word_1_122' title='bbox 1073 2417 1140 2457; x_wconf 89' lang='lat' dir='ltr'>con·</span> 
     </span>
     <span class='ocr_line' id='line_1_16' title="bbox 127 2486 1142 2564; baseline 0.001 -21"><span class='ocrx_word' id='word_1_123' title='bbox 127 2486 205 2546; x_wconf 87' lang='lat' dir='ltr'>dicio</span> <span class='ocrx_word' id='word_1_124' title='bbox 229 2505 265 2545; x_wconf 90' lang='lat' dir='ltr'>ea</span> <span class='ocrx_word' id='word_1_125' title='bbox 292 2486 344 2562; x_wconf 89' lang='lat' dir='ltr'>sit,</span> <span class='ocrx_word' id='word_1_126' title='bbox 371 2489 407 2545; x_wconf 90' lang='lat' dir='ltr'>ut</span> <span class='ocrx_word' id='word_1_127' title='bbox 437 2490 574 2546; x_wconf 81' lang='lat' dir='ltr'>auctores</span> <span class='ocrx_word' id='word_1_128' title='bbox 604 2487 775 2546; x_wconf 89' lang='lat' dir='ltr'>adhibuerit</span> <span class='ocrx_word' id='word_1_129' title='bbox 797 2487 899 2563; x_wconf 85' lang='lat' dir='ltr'>Lydus</span> <span class='ocrx_word' id='word_1_130' title='bbox 928 2488 995 2564; x_wconf 91' lang='lat' dir='ltr'>ipso</span> <span class='ocrx_word' id='word_1_131' title='bbox 1026 2505 1142 2562; x_wconf 89' lang='lat' dir='ltr'>semper</span> 
     </span>
     <span class='ocr_line' id='line_1_17' title="bbox 127 2575 1141 2652; baseline 0.001 -20"><span class='ocrx_word' id='word_1_132' title='bbox 127 2575 189 2632; x_wconf 87' lang='lat' dir='ltr'>fere</span> <span class='ocrx_word' id='word_1_133' title='bbox 211 2575 357 2651; x_wconf 89' lang='lat' dir='ltr'>meliores,</span> <span class='ocrx_word' id='word_1_134' title='bbox 381 2576 435 2652; x_wconf 92' lang='lat' dir='ltr'>qui</span> <span class='ocrx_word' id='word_1_135' title='bbox 457 2580 627 2652; x_wconf 89' lang='lat' dir='ltr'>temporum</span> <span class='ocrx_word' id='word_1_136' title='bbox 650 2577 811 2652; x_wconf 86' lang='lat' dir='ltr'>iniquitate</span> <span class='ocrx_word' id='word_1_137' title='bbox 839 2576 923 2635; x_wconf 92' lang='lat' dir='ltr'>nobis</span> <span class='ocrx_word' id='word_1_138' title='bbox 947 2577 1059 2636; x_wconf 88' lang='lat' dir='ltr'>servati</span> <span class='ocrx_word' id='word_1_139' title='bbox 1082 2595 1141 2635; x_wconf 91' lang='lat' dir='ltr'>uon</span> 
     </span>
     <span class='ocr_line' id='line_1_18' title="bbox 127 2664 1143 2741; baseline 0 -19"><span class='ocrx_word' id='word_1_140' title='bbox 127 2668 249 2722; x_wconf 88' lang='lat' dir='ltr'>sunt—</span> <span class='ocrx_word' id='word_1_141' title='bbox 264 2664 409 2741; x_wconf 86' lang='lat' dir='ltr'>imprimis</span> <span class='ocrx_word' id='word_1_142' title='bbox 433 2683 482 2724; x_wconf 90' lang='lat' dir='ltr'>eos</span> <span class='ocrx_word' id='word_1_143' title='bbox 506 2665 580 2739; x_wconf 90' lang='lat' dir='ltr'>dico,</span> <span class='ocrx_word' id='word_1_144' title='bbox 604 2665 657 2740; x_wconf 92' lang='lat' dir='ltr'>qui</span> <span class='ocrx_word' id='word_1_145' title='bbox 680 2665 861 2741; x_wconf 76' lang='lat' dir='ltr'>scripsersmt</span> <span class='ocrx_word' id='word_1_146' title='bbox 884 2665 920 2723; x_wconf 86' lang='lat' dir='ltr'>de</span> <span class='ocrx_word' id='word_1_147' title='bbox 940 2665 1143 2724; x_wconf 83' lang='lat' dir='ltr'>Romanorum</span> 
     </span>
     <span class='ocr_line' id='line_1_19' title="bbox 127 2753 1142 2830; baseline 0.002 -20"><span class='ocrx_word' id='word_1_148' title='bbox 127 2753 362 2830; x_wconf 82' lang='lat' dir='ltr'>antiquitatibus</span> <span class='ocrx_word' id='word_1_149' title='bbox 387 2785 438 2829; x_wconf 89' lang='lat'>—,</span> <span class='ocrx_word' id='word_1_150' title='bbox 466 2754 503 2812; x_wconf 93' lang='lat' dir='ltr'>ob</span> <span class='ocrx_word' id='word_1_151' title='bbox 526 2755 582 2812; x_wconf 90' lang='lat' dir='ltr'>hoo</span> <span class='ocrx_word' id='word_1_152' title='bbox 605 2755 705 2829; x_wconf 90' lang='lat' dir='ltr'>ipsum</span> <span class='ocrx_word' id='word_1_153' title='bbox 732 2757 868 2812; x_wconf 85' lang='lat' dir='ltr'>veterum</span> <span class='ocrx_word' id='word_1_154' title='bbox 895 2757 1052 2814; x_wconf 87' lang='lat' dir='ltr'>auctorum</span> <span class='ocrx_word' id='word_1_155' title='bbox 1079 2757 1142 2812; x_wconf 88' lang='lat' dir='ltr'>stu-</span> 
     </span>
     <span class='ocr_line' id='line_1_20' title="bbox 127 2842 1142 2920; baseline 0.002 -21"><span class='ocrx_word' id='word_1_156' title='bbox 127 2842 211 2900; x_wconf 90' lang='lat' dir='ltr'>dium</span> <span class='ocrx_word' id='word_1_157' title='bbox 233 2842 355 2900; x_wconf 88' lang='lat' dir='ltr'>minime</span> <span class='ocrx_word' id='word_1_158' title='bbox 377 2843 595 2920; x_wconf 82' lang='lat' dir='ltr'>neglegendum</span> <span class='ocrx_word' id='word_1_159' title='bbox 619 2861 681 2901; x_wconf 87' lang='lat' dir='ltr'>asse</span> <span class='ocrx_word' id='word_1_160' title='bbox 703 2842 815 2901; x_wconf 91' lang='lat' dir='ltr'>librum</span> <span class='ocrx_word' id='word_1_161' title='bbox 832 2842 920 2900; x_wconf 89' lang='lat' dir='ltr'>illum</span> <span class='ocrx_word' id='word_1_162' title='bbox 938 2842 973 2901; x_wconf 94' lang='lat' dir='ltr'>de</span> <span class='ocrx_word' id='word_1_163' title='bbox 991 2842 1142 2901; x_wconf 88' lang='lat' dir='ltr'>mensibus</span> 
     </span>
     <span class='ocr_line' id='line_1_21' title="bbox 126 2931 1141 3006; baseline 0.001 -18"><span class='ocrx_word' id='word_1_164' title='bbox 126 2934 220 3006; x_wconf 86' lang='lat' dir='ltr'>patet.</span> <span class='ocrx_word' id='word_1_165' title='bbox 266 2931 340 3006; x_wconf 90' lang='lat' dir='ltr'>quin</span> <span class='ocrx_word' id='word_1_166' title='bbox 370 2932 462 2989; x_wconf 88' lang='lat' dir='ltr'>etiam</span> <span class='ocrx_word' id='word_1_167' title='bbox 492 2931 616 2990; x_wconf 93' lang='lat' dir='ltr'>eandem</span> <span class='ocrx_word' id='word_1_168' title='bbox 646 2931 683 2989; x_wconf 91' lang='lat' dir='ltr'>ob</span> <span class='ocrx_word' id='word_1_169' title='bbox 711 2949 833 2990; x_wconf 84' lang='lat' dir='ltr'>causam</span> <span class='ocrx_word' id='word_1_170' title='bbox 855 2932 942 2990; x_wconf 87' lang='lat' dir='ltr'>valde</span> <span class='ocrx_word' id='word_1_171' title='bbox 971 2931 1070 2990; x_wconf 91' lang='lat' dir='ltr'>dolere</span> <span class='ocrx_word' id='word_1_172' title='bbox 1093 2931 1141 2989; x_wconf 86' lang='lat' dir='ltr'>de-</span> 
     </span>
     <span class='ocr_line' id='line_1_22' title="bbox 125 3017 1142 3099; baseline -0.001 -22"><span class='ocrx_word' id='word_1_173' title='bbox 125 3019 240 3093; x_wconf 83' lang='lat' dir='ltr'>bemus,</span> <span class='ocrx_word' id='word_1_174' title='bbox 264 3019 345 3094; x_wconf 90' lang='lat' dir='ltr'>quod</span> <span class='ocrx_word' id='word_1_175' title='bbox 367 3039 427 3079; x_wconf 91' lang='lat' dir='ltr'>uon</span> <span class='ocrx_word' id='word_1_176' title='bbox 444 3021 597 3097; x_wconf 88' lang='lat' dir='ltr'>integrum</span> <span class='ocrx_word' id='word_1_177' title='bbox 615 3039 690 3096; x_wconf 88' lang='lat' dir='ltr'>opus</span> <span class='ocrx_word' id='word_1_178' title='bbox 709 3017 776 3099; x_wconf 76' lang='grc' dir='ltr'>περὶ</span> <span class='ocrx_word' id='word_1_179' title='bbox 794 3028 898 3097; x_wconf 84' lang='grc' dir='ltr'><strong><em>μηνῶν</em></strong></span> <span class='ocrx_word' id='word_1_180' title='bbox 917 3021 1047 3079; x_wconf 87' lang='lat' dir='ltr'>aetatem</span> <span class='ocrx_word' id='word_1_181' title='bbox 1060 3019 1142 3094; x_wconf 89' lang='lat' dir='ltr'>tulit,</span> 
     </span>
     <span class='ocr_line' id='line_1_23' title="bbox 126 3107 1142 3185; baseline -0.002 -19"><span class='ocrx_word' id='word_1_182' title='bbox 126 3108 180 3166; x_wconf 85' lang='lat' dir='ltr'>sed</span> <span class='ocrx_word' id='word_1_183' title='bbox 202 3111 389 3167; x_wconf 87' lang='lat' dir='ltr'>contractum</span> <span class='ocrx_word' id='word_1_184' title='bbox 417 3111 448 3167; x_wconf 88' lang='lat' dir='ltr'>et</span> <span class='ocrx_word' id='word_1_185' title='bbox 470 3111 643 3184; x_wconf 83' lang='lat' dir='ltr'>excerptum</span> <span class='ocrx_word' id='word_1_186' title='bbox 672 3107 711 3166; x_wconf 90' lang='lat' dir='ltr'>ad</span> <span class='ocrx_word' id='word_1_187' title='bbox 740 3127 794 3168; x_wconf 89' lang='lat' dir='ltr'>nos</span> <span class='ocrx_word' id='word_1_188' title='bbox 824 3109 971 3185; x_wconf 87' lang='lat' dir='ltr'>pervenit,</span> <span class='ocrx_word' id='word_1_189' title='bbox 1002 3107 1142 3183; x_wconf 88' lang='lat' dir='ltr'>quodque</span> 
     </span>
     <span class='ocr_line' id='line_1_24' title="bbox 126 3196 1143 3273; baseline -0.002 -18"><span class='ocrx_word' id='word_1_190' title='bbox 126 3197 181 3272; x_wconf 90' lang='lat' dir='ltr'>qui</span> <span class='ocrx_word' id='word_1_191' title='bbox 200 3196 346 3273; x_wconf 88' lang='lat' dir='ltr'>epitomas</span> <span class='ocrx_word' id='word_1_192' title='bbox 364 3197 433 3257; x_wconf 90' lang='lat' dir='ltr'>illas</span> <span class='ocrx_word' id='word_1_193' title='bbox 448 3198 505 3257; x_wconf 92' lang='lat' dir='ltr'>sibi</span> <span class='ocrx_word' id='word_1_194' title='bbox 518 3198 655 3256; x_wconf 82' lang='lat' dir='ltr'>fecenmt</span> <span class='ocrx_word' id='word_1_195' title='bbox 667 3197 725 3257; x_wconf 86' lang='lat' dir='ltr'>viri</span> <span class='ocrx_word' id='word_1_196' title='bbox 742 3197 822 3256; x_wconf 89' lang='lat' dir='ltr'>docti</span> <span class='ocrx_word' id='word_1_197' title='bbox 835 3216 896 3257; x_wconf 89' lang='lat' dir='ltr'>uon</span> <span class='ocrx_word' id='word_1_198' title='bbox 909 3200 973 3256; x_wconf 87' lang='lat' dir='ltr'>tam</span> <span class='ocrx_word' id='word_1_199' title='bbox 986 3196 1143 3254; x_wconf 85' lang='lat' dir='ltr'>historiam</span> 
     </span>
     <span class='ocr_line' id='line_1_25' title="bbox 125 3285 1143 3362; baseline -0.001 -19"><span class='ocrx_word' id='word_1_200' title='bbox 125 3285 298 3344; x_wconf 87' lang='lat' dir='ltr'>litterarum</span> <span class='ocrx_word' id='word_1_201' title='bbox 326 3289 356 3345; x_wconf 88' lang='lat' dir='ltr'>et</span> <span class='ocrx_word' id='word_1_202' title='bbox 385 3287 599 3362; x_wconf 87' lang='lat' dir='ltr'>antiquitatem</span> <span class='ocrx_word' id='word_1_203' title='bbox 630 3305 698 3345; x_wconf 87' lang='lat' dir='ltr'>cum</span> <span class='ocrx_word' id='word_1_204' title='bbox 727 3304 865 3362; x_wconf 83' lang='lat' dir='ltr'>graecam</span> <span class='ocrx_word' id='word_1_205' title='bbox 894 3290 961 3344; x_wconf 89' lang='lat' dir='ltr'>tum</span> <span class='ocrx_word' id='word_1_206' title='bbox 988 3299 1143 3345; x_wconf 85' lang='lat' dir='ltr'>romanam</span> 
     </span>
     <span class='ocr_line' id='line_1_26' title="bbox 126 3373 1143 3452; baseline -0.001 -20"><span class='ocrx_word' id='word_1_207' title='bbox 126 3377 329 3450; x_wconf 83' lang='lat' dir='ltr'>respesenmt,</span> <span class='ocrx_word' id='word_1_208' title='bbox 354 3394 445 3451; x_wconf 90' lang='lat' dir='ltr'>quam</span> <span class='ocrx_word' id='word_1_209' title='bbox 468 3375 662 3452; x_wconf 84' lang='lat' dir='ltr'>astrologiam</span> <span class='ocrx_word' id='word_1_210' title='bbox 686 3378 716 3434; x_wconf 86' lang='lat' dir='ltr'>et</span> <span class='ocrx_word' id='word_1_211' title='bbox 739 3375 997 3452; x_wconf 81' lang='lat' dir='ltr'>Pythagoreorum</span> <span class='ocrx_word' id='word_1_212' title='bbox 1018 3373 1143 3432; x_wconf 88' lang='lat' dir='ltr'>recenti·</span> 
     </span>
     <span class='ocr_line' id='line_1_27' title="bbox 128 3462 1144 3542; baseline 0 -22"><span class='ocrx_word' id='word_1_213' title='bbox 128 3481 217 3521; x_wconf 86' lang='lat' dir='ltr'>orum</span> <span class='ocrx_word' id='word_1_214' title='bbox 234 3463 517 3540; x_wconf 87' lang='lat' dir='ltr'>Platonicorumque</span> <span class='ocrx_word' id='word_1_215' title='bbox 541 3465 654 3542; x_wconf 88' lang='lat' dir='ltr'>placita</span> <span class='ocrx_word' id='word_1_216' title='bbox 680 3464 814 3539; x_wconf 85' lang='lat' dir='ltr'>mystica.</span> <span class='ocrx_word' id='word_1_217' title='bbox 857 3467 949 3539; x_wconf 90' lang='lat' dir='ltr'>atque</span> <span class='ocrx_word' id='word_1_218' title='bbox 976 3462 1052 3520; x_wconf 88' lang='lat' dir='ltr'>talia</span> <span class='ocrx_word' id='word_1_219' title='bbox 1074 3462 1144 3520; x_wconf 91' lang='lat' dir='ltr'>libri</span> 
     </span>
     <span class='ocr_line' id='line_1_28' title="bbox 126 3550 1144 3632; baseline -0.001 -22"><span class='ocrx_word' id='word_1_220' title='bbox 126 3550 324 3611; x_wconf 80' lang='lat' dir='ltr'>Laurentiani</span> <span class='ocrx_word' id='word_1_221' title='bbox 358 3553 528 3632; x_wconf 89' lang='lat' dir='ltr'>fragmenta</span> <span class='ocrx_word' id='word_1_222' title='bbox 558 3573 573 3612; x_wconf 94' lang='lat' dir='ltr'>e</span> <span class='ocrx_word' id='word_1_223' title='bbox 607 3553 760 3612; x_wconf 89' lang='lat' dir='ltr'>nonnullis</span> <span class='ocrx_word' id='word_1_224' title='bbox 794 3552 944 3611; x_wconf 88' lang='lat' dir='ltr'>codicibus</span> <span class='ocrx_word' id='word_1_225' title='bbox 977 3570 1051 3627; x_wconf 90' lang='lat' dir='ltr'>quos</span> <span class='ocrx_word' id='word_1_226' title='bbox 1083 3551 1144 3609; x_wconf 84' lang='lat' dir='ltr'>fors</span> 
     </span>
    </p>
   </div>
   <div class='ocr_carea' id='block_1_3' title="bbox 0 0 1268 3984">
    <p class='ocr_par' dir='ltr' id='par_1_3' title="bbox 0 0 1268 3984">
     <span class='ocr_line' id='line_1_29' title="bbox 0 0 1268 3984; baseline 0 0"><span class='ocrx_word' id='word_1_227' title='bbox 0 0 1268 3984; x_wconf 95' lang='lat' dir='ltr'> </span> 
     </span>
    </p>
   </div>
  </div>
 </body>
</html>
