2530 3988
184 199 247 263 138
461 196 570 250 LIBER
589 195 765 261 QUARTUS.
779 195 917 250 -IUNIUS

141 373 167 426 X
249 360 300 426 90,
328 361 372 425 Τὸ
387 360 521 444 Σάγκος
539 361 645 444 όνομα
664 359 811 446 οὐρανὸν
825 362 977 444 σημαίνει
995 367 1034 445 τῇ
1050 363 1117 423 Σα-
1125 367 1228 422 8851858

182 470 288 552 βίνιον
307 469 449 554 γλώσσῃ.

146 585 165 640 S
248 574 299 639 91.
328 572 399 638 ’Ότι
426 574 459 638 ολ
487 572 636 658 Ἑβραῖοι
668 571 730 637 οὐκ
762 574 832 659 είκῇ
861 569 1039 656 ἀπέχονται
1067 577 1191 654 λαγωοῦ

115 691 165 746 XS
180 678 235 746 καὶ
253 687 424 767 στρουθοῦ
439 681 567 763 Λίβυος
584 675 640 743 καὶ
658 680 856 765 χαραδριοῦ·
875 679 893 744 ὁ
913 675 975 764 μὲν
994 681 1057 764 γάρ
1072 678 1190 761 λαγωὸς
1205 692 1227 739 58

149 787 290 873 θάρρην
311 789 436 852 τίκτειν
455 784 583 871 πέφυκε
601 787 790 871 τεραστίους,
813 784 831 851 ὁ
852 781 888 850 δὲ
908 787 1015 869 Λίβυς
1034 785 1190 871 στρουθὸς

155 889 263 961 οούδὲ
286 893 454 978 στρουθὸς
477 887 556 957 οὐδὲ
578 892 784 977 τετράποδον
808 887 886 956 οὐδὲ
908 892 1037 975 πτηνόν
1059 890 1127 958 ἐστι
1147 888 1190 954 τέ-

183 1003 287 1064 λειον·
312 996 423 1074 οὐδεὶς
446 993 483 1062 δὲ
505 998 690 1083 χαραδριὸν
714 997 833 1081 φαγὼν
856 996 918 1062 οὐκ
940 995 1133 1082 ἐπένθησεν.

142 1118 168 1171 X
250 1105 301 1168 92.
331 1105 482 1190 Λαρινὸν
501 1105 538 1169 τὸ
562 1105 715 1190 λιπαρόν,
738 1101 772 1182 έξ
795 1099 836 1170 οὗ
854 1101 910 1169 καὶ
929 1105 1060 1190 λάρδος.
1105 1107 1189 1170 άλλοι
1203 1115 1226 1165 58

183 1208 220 1277 δὲ
242 1213 350 1287 άλλως
374 1213 464 1296 φασί.

143 1347 168 1386 ιο
249 1317 301 1383 93.
327 1315 517 1403 Θυγατέρας
530 1316 692 1401 Ἀνάγκης
708 1319 767 1394 τάς
784 1318 919 1404 Μοίρας
937 1321 1031 1403 φασί,
1055 1319 1189 1403 Λάχεσιν
1202 1328 1225 1376 58

182 1447 217 1490 τε
248 1421 304 1489 καὶ
333 1425 468 1490 Κλωθώ
498 1422 574 1508 <καὶ
599 1423 777 1510 Ἄτροπον·
808 1422 864 1489 καὶ
895 1425 1040 1511 Λάχεσιν
1070 1421 1130 1510 μὲν
1155 1424 1187 1488 τά

181 1533 395 1617 παρελθόντα
418 1532 570 1615 διοικεῖν,
593 1531 749 1614 Κλωθὼ)
772 1526 810 1595 δέ
832 1533 873 1596 τά
897 1530 1069 1615 ἐνεστῶτα,
1084 1531 1187 1616 ’Ἀτρο-

181 1659 247 1703 πον
270 1633 307 1702 δὲ
329 1639 369 1702 τὰ
392 1636 563 1722 μέλλοντα.

250 1743 301 1807 94.
320 1745 376 1830 ff]
390 1744 455 1829 πρδ
469 1740 567 1808 πέντε
580 1742 695 1806 Είδῶν
708 1739 861 1807 Ἰουνίαν
879 1740 976 1829 ἑορτὴ
989 1752 1048 1827 τῆς
1062 1742 1185 1818 Ἑστίας.
1200 1756 1222 1802 58

144 1878 169 1918 15
184 1849 221 1914 έν
237 1849 340 1936 ταότη
358 1859 398 1936 τη
417 1847 523 1936 ἡμέρα
537 1845 700 1933 ἑώρταζον
718 1849 751 1913 ολ
765 1847 938 1934 άρτοποιοὶ
952 1850 1009 1914 διδι
1022 1849 1104 1936 <τὸ>
1121 1851 1187 1924 τοὺς

182 1957 342 2043 ἀρχαίους
364 1957 424 2021 τὸν
452 1956 555 2041 άρτον
584 1953 621 2019 έν
647 1965 718 2031 τοῖς
746 1955 848 2041 ἱεροῖς
871 1964 930 2040 της
948 1955 1079 2034 Ἑστίας
1104 1979 1186 2022 κατα-

184 2064 367 2142 σκευάζειν·
399 2063 473 2128 δνοι
504 2057 541 2126 δὲ
568 2059 834 2146 ἐστεφανωμένοι
861 2062 1006 2146 ἡγοῦντο
1035 2071 1094 2147 τῆς
1117 2084 1186 2146 πομ-

150 2178 261 2254 8πης,
292 2169 409 2234 διὰτὸ
433 2168 564 2244 τούτοις
587 2167 743 2233 άλείσθαι
766 2169 830 2234 ’τὸν
853 2180 955 2235 σῖτον.
1001 2170 1053 2235 ὅτι
1081 2172 1112 2237 οἱ
1136 2165 1186 2254 μὲν

183 2273 321 2360 φυσικοὶ
344 2276 407 2359 τὴν
425 2274 559 2340 Ἑστίαν
581 2275 762 2358 βούλονται
784 2275 846 2360 την
868 2285 934 2360 γῆν
951 2271 1038 2341 εἶναι
1057 2276 1120 2342 ’άπὸ
1136 2281 1185 2340 τοῦ

144 2412 170 2450 το
185 2381 334 2466 ἑστάναι,
362 2383 394 2447 ολ
418 2378 455 2447 δὲ
481 2384 640 2465 θεολόγοι
668 2382 793 2465 ταύτην
821 2376 907 2447 εἶναι
934 2383 1113 2467 βούλονται
1137 2382 1186 2463 την

185 2488 367 2573 λεγομένην
399 2488 566 2573 όντότητα.
616 2486 672 2553 καὶ
699 2489 825 2574 μάρτυς
853 2487 870 2554 ὁ
900 2488 937 2553 έν
963 2497 1009 2578 τῷ
1037 2489 1186 2576 Κρατύλῳ

185 2596 380 2681 Σωκράτης,
412 2593 520 2677 λέγων
542 2594 676 2661 Ἑστίαν
707 2589 793 2660 εἶναι
819 2595 882 2678 τὴν
908 2599 1056 2681 πηγαίαν
1082 2595 1186 2662 οὐσίαν

183 2701 239 2768 καὶ
262 2711 343 2768 πάσι
365 2709 426 2767 τοῦ
450 2696 537 2766 εἶναι
560 2703 682 2785 αἰτίαν,
707 2699 890 2787 ἱδρυμένην
913 2701 951 2768 έν
973 2710 1019 2791 τῷ
1041 2699 1185 2788 πατρίὸ

185 2805 222 2874 δὲ
241 2809 440 2895 Πορφάριος
462 2809 543 2892 μετὰ
565 2808 627 2891 τὴν
649 2807 774 2890 νοητὴν
790 2806 924 2873 Ἑστίαν
946 2810 1019 2892 ἤτοι
1043 2809 1186 2890 ὀντότηια

145 2943 171 2984 τι
184 2917 339 3000 βούλεται
362 2912 417 2979 καὶ
440 2915 502 2998 τὴν
524 2916 651 2999 ἔφορον
672 2923 731 2997 τῆς
755 2922 815 2997 γῆς
839 2952 880 2960 -
904 2917 1014 3000 χθόνα
1037 2912 1076 2981 δὲ
1098 2915 1185 2996 αὐτὴν

255 3091 279 3126 v.
295 3077 328 3126 21
349 3071 383 3125 cf.
403 3070 484 3125 Plato
504 3070 608 3140 Oratyl.
627 3089 654 3140 p.
670 3069 753 3124 4010

255 3220 310 3268 v.1
331 3213 432 3283 σάγγος
450 3213 478 3266 Β
501 3213 505 3282 Ι
528 3213 658 3280 οὐρανῶν
676 3212 705 3265 Β
795 3214 975 3337 ίλγαραδροῦ
994 3213 1027 3282 S,
1046 3214 1184 3283 χαραδριοῦ

185 3284 285 3355 scripsi
301 3287 305 3354 Ι
322 3284 337 3339 ὁ
355 3285 445 3354 λαγὼς
459 3285 562 3354 (λαγῶς
579 3283 616 3353 A,
639 3280 721 3354 λόγος
738 3283 777 3354 Β)
799 3282 889 3353 ἄρρην
907 3302 1009 3339 τκταν
1031 3282 1136 3354 πέφυκε
1151 3299 1184 3336 ιε-

184 3354 309 3426 ραοτίως.
342 3357 394 3410 cet.
424 3355 481 3408 des.
510 3354 542 3408 X
649 3359 664 3408 7
688 3354 832 3425 γαραδρδν
859 3354 891 3424 S,
919 3356 1075 3425 γαραδριδν
1103 3350 1185 3423 scripsi

186 3435 218 3482 11
237 3427 369 3481 lacunam
392 3425 514 3496 explevit
537 3425 581 3480 Rr
690 3431 723 3479 15
743 3424 817 3498 <τὸ>
840 3425 1028 3496 supplendum
1050 3428 1141 3482 censet
1160 3422 1183 3477 G.

184 3497 324 3552 Wissowa
401 3502 434 3550 17
453 3495 554 3567 ἤγοντο
574 3497 616 3566 Χ,
641 3496 761 3568 ἡγοῦντο
785 3495 819 3550 ci.
838 3497 882 3552 Rr
959 3502 992 3552 18
1010 3498 1073 3571 τὸν]
1096 3499 1125 3554 τὸ
1141 3493 1183 3564 B>

187 3577 270 3622 σῖτον.
300 3571 352 3624 oet.
372 3567 429 3622 des.
449 3568 481 3622 X
495 3567 499 3640 Ι
516 3565 559 3622 δτι
578 3568 605 3623 οἱ
624 3567 764 3638 μὲν-ρ.
781 3573 841 3638 139,
857 3573 873 3621 7
891 3569 942 3638 τὴν
961 3569 1055 3640 γῆνὸ1
