2524 3984
178 210 243 266 mv
584 210 793 266 paschasio

250 379 435 457 subiungere
461 382 561 439 autem
584 380 630 437 his
658 380 792 455 quinque
816 379 979 455 codicibus,
1006 379 1058 456 qui
1081 380 1202 456 integra

180 473 375 528 servaverunt
393 469 516 528 Maximi
541 471 688 544 excerpta,
711 471 772 527 tres
791 469 867 528 ahos
886 469 987 544 lineat,
1010 469 1063 544 qui
1083 469 1201 527 delectu

178 557 258 616 inter
285 558 405 636 singula
431 559 601 635 fingmento
629 577 647 616 a
674 557 809 616 Planude
838 558 986 633 exsciipta
1012 557 1117 618 habito
1144 558 1202 616 hoc

168 647 275 706 vsolum
304 648 352 707 vel
379 645 455 705 illud
482 647 514 705 in
540 665 630 705 nsum
657 665 744 706 suum
773 649 994 708 converterunt.
1045 648 1116 705 eunt
1143 665 1197 704 au-

95 881 175 922 eoau
247 869 272 928 L
297 869 563 927 Laurentianus
586 869 673 944 plut.
693 868 818 927 LXXIV
834 871 873 928 13
899 870 1074 928 chartaceus
1095 887 1117 926 s
1132 868 1198 943 XV,

299 958 350 1032 qui
373 958 394 1016 f.
414 959 494 1017 306ν
516 961 680 1016 tractatum
703 955 853 1034 quendam
878 955 944 1037 περὶ
966 956 1123 1017 καλανδῶν
1147 978 1197 1016 νο-

297 1053 359 1106 νῶν
382 1044 432 1105 καὶ
454 1045 542 1105 εἰδῶν
566 1046 693 1119 exhibet,
718 1067 806 1122 quem
829 1046 867 1104 ad
891 1046 1014 1106 verbum
1037 1046 1198 1104 transtulit

298 1155 314 1193 e
341 1135 496 1194 Planudea
522 1135 705 1195 recensione:
738 1135 878 1194 editionis
911 1138 1012 1194 autem
1040 1135 1139 1193 verbis
1168 1154 1198 1192 se

298 1224 433 1299 applicat
462 1243 538 1299 quae
569 1224 712 1302 leguntur
742 1221 787 1282 ὅτι
817 1220 833 1284 ὁ
864 1233 980 1300 νοαμᾶς
1013 1215 1056 1304 (p.
1078 1225 1133 1300 43,
1156 1225 1195 1281 17

298 1304 381 1392 app.)
398 1346 439 1353 —
455 1313 486 1372 οἱ
504 1310 603 1372 λοιποὶ
630 1312 737 1384 πάντες
765 1305 808 1393 (p.
828 1313 885 1387 49,
906 1306 977 1394 20),
1005 1313 1122 1372 omissis
1146 1311 1198 1372 τὸν

298 1397 329 1459 δὲ
355 1401 562 1481 Φεβρουάριον
576 1433 619 1444 --
633 1401 755 1480 Μοίρας
779 1394 821 1482 (p.
842 1403 894 1479 48,
915 1393 1048 1482 6-18).

88 1504 176 1544 cod-M
243 1490 275 1548 Μ
297 1489 502 1549 Marcianus
533 1509 682 1569 graecus
712 1492 777 1549 320
805 1491 979 1549 chartaceus
1008 1509 1030 1548 s
1051 1489 1124 1548 XIV
1152 1491 1196 1547 in-

297 1579 466 1655 scriptionis
493 1580 558 1638 looo
582 1580 656 1638 haec
683 1579 787 1637 habet:
816 1575 998 1659 ἀριθμηνινὴ
1022 1578 1193 1658 νικομάχοα.

295 1674 391 1745 κτῆμα
413 1667 619 1748 βησσαρίωνος
644 1666 852 1747 καρδηνᾶλεως
874 1665 1037 1727 ἐπισκόπου
1061 1668 1194 1746 σαβίνων
1252 1721 1253 1744 ,

295 1765 348 1816 τοῦ
378 1753 521 1828 νικαιὲως.
567 1755 657 1828 τόπος
684 1750 739 1836 νβ’
767 1749 855 1837 (corr.
883 1758 915 1814 in
942 1749 1007 1838 ξζ).
1056 1755 1196 1833 Lydiana

296 1845 466 1923 fragmenta
489 1845 569 1905 foliis
595 1847 750 1907 941—97‘
777 1847 851 1904 haec
874 1846 978 1904 habet:
1007 1843 1052 1904 ὅτι
1080 1848 1196 1924 ’νουμᾶς

296 1965 339 1974 --
354 1932 453 1994 λοιποὶ
475 1933 581 2007 πάντες
604 1927 647 2017 (p.
667 1936 719 2009 43,
735 1935 775 1992 17
792 1954 860 2011 app.
876 1967 917 1974 —
934 1936 986 2009 49,
1003 1937 1054 2009 20,
1078 1935 1194 1994 omissis

295 2023 368 2081 item
387 2043 415 2098 p.
431 2017 630 2104 eat-18),
649 2021 694 2081 ὅτι
712 2022 743 2081 οἷ
758 2021 825 2102 περὶ
839 2022 1026 2103 ζωροάστρην
1041 2015 1083 2104 (p.
1096 2015 1193 2102 21,1)

295 2144 338 2152 —-
352 2108 465 2192 ἄρρητα
487 2112 561 2193 ῥητά
584 2103 627 2194 (p.
648 2114 700 2186 36,
715 2104 763 2193 5):
786 2114 860 2171 haec
883 2114 984 2171 autem
1003 2112 1194 2170 arithmetica

294 2200 349 2258 illa
373 2205 443 2259 sunt
459 2200 530 2259 libri
549 2201 682 2274 alteriue,
706 2219 783 2276 qnae
802 2201 914 2277 optime
933 2221 1000 2260 cum
1018 2201 1194 2260 Nicomachi

297 2290 477 2349 conveniunt
500 2290 652 2348 doctrinis

90 2391 174 2433 eoas
244 2378 274 2435 N
295 2377 496 2437 Vaticanus
523 2378 715 2438 Palatinus
745 2397 894 2456 graecus
924 2381 987 2438 209
1020 2379 1194 2438 chaitaceus

297 2485 320 2525 s.
338 2466 410 2525 xiv
434 2468 590 2544 exscripsit
612 2469 633 2526 f.
654 2469 858 2527 hosv-265¹
880 2487 915 2526 ex
934 2467 1019 2542 Lydo
1040 2468 1126 2527 haec:
1154 2465 1195 2526 ὅτι

296 2565 411 2633 νοαμᾶς
430 2589 473 2596 -
491 2554 590 2617 λοιποὶ
619 2556 726 2628 πάντες
757 2549 808 2638 (cf.
831 2548 918 2638 Lm),
950 2555 993 2616 ὅτι
1024 2554 1195 2636 ιάνονάριος

298 2638 341 2726 (p.
358 2647 409 2719 63,
421 2648 438 2704 3
451 2637 534 2726 app.)
550 2678 592 2686 —
607 2642 779 2725 ὃεκὲμβριος
797 2643 905 2722 ὁμοίως
925 2636 966 2726 (p.
984 2644 1058 2720 158,
1074 2636 1197 2724 daps),

298 2736 462 2792 tractatum
484 2734 693 2794 brevissimum
716 2734 751 2792 de
774 2735 960 2811 singulorum
978 2734 1127 2793 mensium
1147 2752 1196 2792 no·

297 2821 437 2897 minibus,
460 2823 496 2881 de
521 2843 579 2900 quo
604 2824 707 2882 statim
731 2824 788 2881 erit
811 2823 981 2898 dicendum;
1005 2821 1050 2882 ὅτι
1073 2819 1195 2883 πλεονά-

298 2926 404 2982 σαντος
431 2902 474 2991 (p.
495 2914 573 2988 160,
592 2905 650 2994 16)
666 2945 707 2952 -
723 2908 894 2990 ὀνομάζεται
917 2903 960 2992 (p.
982 2913 1056 2986 161,
1077 2903 1126 2993 2);
1155 2910 1195 2972 ὅτι

297 2998 349 3060 τὸν
381 3004 511 3060 πλοῦτον
540 2992 582 3081 (p.
606 3003 718 3076 73,11
745 2993 828 3082 app.)
849 3033 890 3042 -
910 2996 1111 3078 ἐζημιωμένον
1143 2998 1194 3076 τὴν

296 3086 400 3167 ψυχήν
424 3081 467 3170 (p.
489 3092 540 3164 73,
562 3082 626 3172 15).
672 3091 749 3149 hunc
781 3090 912 3149 codicem
939 3089 1012 3147 Maii
1045 3081 1191 3148 ‘tertium’
1248 3137 1249 3140 ,

297 3178 388 3236 fnisse
413 3179 580 3254 suspicatus
599 3181 665 3237 erat
682 3179 718 3236 K.
737 3179 773 3236 K.
792 3178 919 3236 Mueller
941 3178 961 3235 l.
981 3196 1002 3237 s.
1025 3198 1054 3253 p.
1078 3181 1150 3239 150.

167 3367 170 3374 ⁴
242 3313 309 3372 Iam
331 3331 402 3371 vero
428 3330 605 3387 quaeramus
624 3330 741 3372 necesse
766 3314 820 3386 est,
843 3311 966 3386 quinam
988 3329 1081 3370 nexus
1105 3312 1193 3369 inter-

178 3400 264 3459 cedat
286 3401 365 3460 inter
388 3400 512 3460 Maximi
540 3401 671 3460 codicem
694 3392 749 3482 (Y)
774 3401 896 3476 eiusque
920 3401 1109 3478 apographa,
1138 3416 1193 3475 qua

177 3489 210 3546 in
236 3509 268 3547 re
297 3491 477 3550 monendum
506 3493 563 3564 est,
597 3489 749 3549 difficilem
782 3509 849 3548 eam
881 3507 1001 3548 causam
1031 3489 1193 3548 diiudicatu

178 3595 251 3652 esse,
275 3580 415 3653 quoniam
433 3579 473 3656 id,
498 3598 556 3653 quo
575 3579 607 3636 in
628 3579 773 3638 eiusmodi
792 3577 1049 3654 disquisitionibus
1067 3579 1192 3638 maxime
