2530 3988
173 175 236 240 156
417 175 526 230 LIBER
544 174 722 240 QUARTUS.
749 174 942 231 AUGUSTUS

131 338 349 415 ΧἸουλιανὸς
376 339 441 404 ὑπὸ
469 348 530 404 τοῦ
554 342 720 423 Λιβανίου
742 337 798 404 καλ
821 341 933 405 ἀλλων
954 344 1089 405 πολλῶν
1111 341 1183 405 οἰω-

172 449 346 512 νοσκόπων
369 445 497 529 λέγεται
520 445 733 530 φθέγξασθαι
755 447 792 512 τὸ
811 445 1001 532 Ὁμηρικόν·

261 586 412 673 αἰδέομαι
440 592 553 674 Τρῶας
575 586 631 653 καλ
659 588 815 674 Τρωάδας
840 585 1101 665 ἑλκεσιπέπλους.

170 731 370 816 ὑπερβαλὼν
401 727 438 795 δέ
469 731 530 796 τὸν
567 734 712 816 Τίγρητα
742 728 798 795 καὶ
830 732 955 807 πολλὰς
987 733 1101 807 πόλεις
1131 727 1182 795 καλ

144 837 318 923 εφρούρια
337 842 481 923 Περσῶν
502 838 795 923 παραστησάμενος
817 838 854 902 τὸ
879 837 999 904 λοιπὸν
1022 836 1183 923 ἀφόρητος

171 939 214 1027 ἦν
235 955 305 1020 τοῖς
328 944 522 1030 βαρβάροις·
546 944 633 1031 δόλφ
658 940 695 1008 δέ
718 944 806 1028 ὅμως
828 943 1012 1009 ἀπόλλυται
1030 942 1085 1008 καὶ
1102 965 1181 1028 παμ-

171 1054 303 1134 πληθεί.
353 1051 415 1115 δύο
443 1051 506 1136 γὰρ
535 1049 679 1136 Πέρσαι,
712 1049 1017 1136 ἀκρωτηριάσαντες
1050 1048 1183 1125 ἑαυτοὺς

59 1230 61 1244 Ι
172 1158 266 1222 ὤτων
295 1180 330 1222 τε
356 1153 412 1221 καὶ
435 1158 626 1242 μυκτήρων,
659 1154 816 1232 ἐλθόντες
843 1156 992 1222 ἀπατῶσι
1021 1157 1081 1222 τὸν
1105 1155 1181 1221 Ἰου-

172 1266 299 1347 λιανόν,
327 1272 463 1329 τοιαῦτα
486 1263 568 1348 πρὸς
591 1271 652 1328 τοῦ
675 1261 836 1346 βασιλέως
857 1269 983 1328 παθεῖν
1009 1274 1078 1328 τῶν
1101 1267 1181 1348 Περ-

132 1394 158 1434 ιο
173 1381 242 1435 σῶν
264 1371 474 1457 ὀδυρόμενοι,
498 1369 667 1434 δύνασθαι
691 1365 728 1433 δὲ
751 1370 849 1454 ὅμως,
872 1375 964 1454 εῖπερ
983 1370 1097 1446 αύτοῖς
1114 1369 1181 1448 ἕψε-

172 1501 225 1542 ται
248 1477 266 1542 ὁ
286 1475 479 1559 Ἰουλιανός,
503 1472 552 1540 ἐπ’
576 1475 679 1558 αὐτῆς
701 1474 804 1540 αὐτὸν
828 1478 989 1562 Γοργοῦς,
1014 1486 1073 1560 της
1095 1479 1180 1560 βασι-

173 1586 265 1660 λίδος
294 1594 362 1648 τῶν
391 1587 549 1668 Περσῶν,
581 1593 726 1647 νικῶντα
755 1592 963 1666 καταστῆσαι.
1015 1583 1033 1648 ὁ
1065 1579 1101 1648 δὲ
1129 1590 1181 1664 τῆς

171 1688 388 1775 πεπρωμένης
411 1687 606 1773 ἐπειγούσης
631 1689 796 1774 Ζωπύρου
819 1710 855 1754 τε
879 1690 946 1772 ἅμα
968 1698 1029 1755 τοῦ
1048 1688 1180 1774 Ἡροδο-

172 1799 265 1861 τείου
298 1793 354 1860 καὶ
384 1798 537 1872 Σίνωνος
575 1805 635 1860 τοῦ
668 1799 891 1880 Βεργιλιανοῦ
925 1793 1181 1880 ἐπιλελησμένος,

134 1927 159 1967 15
173 1904 231 1978 τάς
260 1910 343 1978 ναῦς
370 1899 588 1985 καταφλέξας,
616 1899 658 1966 δι’
683 1896 731 1966 ὧν
757 1903 817 1967 τὸν
839 1901 1025 1988 Εὐφράτην
1046 1898 1179 1988 παρεφέ-

173 2033 264 2096 ρετο,
292 2009 336 2085 ὡς
363 2008 406 2094 μη
430 2009 604 2092 δήπουθεν
627 2007 774 2094 Πέρσαις
800 2009 963 2092 <δοῦναι>
988 2011 1106 2074 ἀδειαν
1126 2015 1179 2072 τοῦ

172 2117 360 2200 χρησασθαι
389 2114 518 2198 αὐταῖς,
550 2117 687 2201 μετρίαν
714 2116 790 2180 τινα
818 2115 970 2199 δαπάνην
997 2119 1178 2201 κομίζοντος

172 2229 233 2287 τοῦ
261 2230 419 2308 στρατοῦ,
449 2230 519 2297 τοῖς
546 2219 715 2287 ἀπατῶσιν
742 2221 986 2305 ἠκολούθησεν·
1016 2223 1049 2288 ολ
1078 2217 1113 2288 δέ
1138 2222 1177 2296 είς

173 2327 277 2414 ξηρὰν
305 2326 360 2392 καὶ
391 2328 539 2412 ἀνυδρον
568 2327 748 2410 ἀγαγόντες
778 2328 881 2392 αύτὸν
910 2330 1101 2415 δυσχωρίαν
1127 2329 1177 2392 τὸν

133 2460 160 2499 ιο
174 2435 277 2500 δόλον
290 2432 517 2517 ἀπεκάλυψαν,
531 2431 587 2499 καὶ
601 2432 696 2499 αύτολ
711 2432 772 2518 μέν
782 2437 870 2498 -τί
881 2436 944 2520 γὰρ
958 2430 1002 2518 ἦν
1014 2434 1127 2514 πλέον;
1141 2470 1174 2479 -
1241 2445 1242 2470 ³

173 2539 357 2622 ἀπώλοντο,
376 2539 394 2604 ὁ
413 2535 450 2604 δὲ
467 2542 623 2623 βασιλεὺς
642 2536 722 2606 ούδέ
739 2546 921 2626 προελθεῖν
940 2539 1090 2606 ἐπέκεινα
1108 2535 1175 2609 οὐδὲ

173 2644 376 2732 ἀναστρέψαι
405 2646 443 2711 τὸ
474 2647 592 2710 λοιπὸν
622 2646 801 2732 εὑρίσκων,
834 2647 972 2732 οἰκτρῶς
1003 2646 1176 2734 ἐφθείρετο.

173 2754 217 2830 ὡς
231 2749 269 2818 δέ
282 2754 319 2817 τὸ
333 2753 420 2818 πολὺ
438 2750 538 2838 μέρος
556 2762 613 2836 της
632 2762 786 2838 στρατιᾶς
805 2752 966 2836 διέπεσεν,
985 2753 1176 2820 ἀσθενοῦντι

173 2859 262 2948 αὐτῷ
285 2858 435 2942 ἐπῆλθον
458 2859 490 2924 οἱ
514 2858 655 2945 Πέρσαι,
677 2857 918 2936 ἐλαττωθέντες
942 2856 980 2925 δέ
1002 2859 1058 2925 καλ
1082 2861 1177 2936 ούτως

132 2991 158 3032 ιε
173 2961 275 3043 αὖθις
297 2965 502 3031 ἐπιτίθενται
525 2962 609 3050 μηδὲ
632 2966 694 3032 δύο
717 2967 881 3053 μυριάδας
905 2969 1016 3051 ἐχοντι
1039 2975 1086 3055 τῷ
1107 2965 1177 3052 πρὶν

243 3213 267 3248 v.
283 3199 300 3246 3
317 3193 349 3248 11.
369 3193 388 3246 Ζ
408 3199 460 3248 442
530 3200 562 3247 13
581 3193 683 3248 Herod.
703 3193 742 3248 111
762 3200 813 3250 164
878 3200 911 3248 14
930 3194 1014 3264 Verg.
1029 3193 1175 3250 Aen.117⁹

243 3425 268 3462 v.
284 3413 299 3460 9
318 3416 420 3476 παρεῑν
442 3407 471 3461 Α
544 3414 577 3461 10
596 3407 739 3462 δύνασθαι
763 3405 929 3478 ὀδυρόμενοι
947 3409 988 3476 Α,
1012 3405 1175 3478 transposuit

172 3477 211 3549 A,
230 3482 233 3549 λ
250 3476 281 3532 δὲ
300 3477 379 3533 omis.
398 3479 426 3533 A
499 3483 532 3532 16
551 3477 695 3550 <δοῖναι>
714 3478 803 3549 suppl.
818 3478 893 3532 Ηεεε
967 3485 1000 3534 19
1020 3477 1174 3552 ἀννγρονΒ

174 3554 208 3602 20
228 3549 312 3611 αὐτὸς
330 3550 358 3603 Β
432 3556 464 3603 21
484 3552 651 3618 προσελθεῖν
669 3551 698 3604 Β
770 3556 803 3604 23
823 3547 967 3619 στρατείας
984 3552 1013 3605 Β
