2556 3996
323 197 433 252 LIBER
452 196 629 262 QUARTUS.
657 195 859 252 IANUARIUS
1058 196 1100 260 63

373 488 536 561 LIBER
565 486 811 572 QUARTUS.

483 617 700 697 Ἰανουάριος.
1116 637 1142 690 x

37 761 146 829 RrIV‚1
180 753 207 817 1.
248 750 486 838 Ἀποχρώντως
512 751 593 836 ἡμῖν
625 758 767 839 είρηται,
795 751 901 838 ἀρχὴν
934 753 1163 838 ίερατικοῦΧΒ

92 856 241 924 ἐνιαυτοῦ
259 861 318 925 τὸν
328 857 538 944 Ἰανουάριον
556 867 645 943 μῆνα
663 869 733 935 τοίς
743 857 913 944 Ῥωμαίοις
931 859 1020 944 παρά
1040 867 1101 923 τοῦ

90 964 244 1048 βασιλέως
258 969 381 1050 Νουμᾶ
400 965 591 1052 ὁρισθῆναι,
606 964 683 1031 καθ’
707 965 747 1031 ὃν
765 975 835 1042 τοῖς
853 961 937 1052 ὑπὲρ
958 966 1135 1048 σελάνηνὸ

91 1070 250 1156 ἐνάριζον,
278 1074 389 1158 ὥσπερ
418 1070 454 1137 έν
481 1079 528 1159 τῷ
554 1075 774 1160 Φεβρουαρίῳ
803 1082 873 1147 τοῖς
899 1068 955 1136 ὑπ’
988 1070 1101 1153 αὐτήν.
1129 1092 1142 1131 ο

90 1177 203 1262 ῥητέον
229 1181 347 1244 τοίνυν
370 1176 446 1264 περὶ
464 1176 591 1262 Ἰανοῦ,
620 1181 670 1254 τίς
692 1201 728 1242 τε
751 1179 816 1264 άρα
840 1175 908 1242 ἐστὶ
931 1174 986 1241 καὶ
1009 1180 1060 1253 τίς
1082 1175 1143 1260 ἡΧ

88 1284 161 1371 περὶ
183 1285 286 1351 αὐτοῦ
310 1284 391 1363 δόξα
413 1284 531 1368 γέγονε
554 1295 624 1362 τοῖς
642 1285 800 1371 ἀρχαίοις.
842 1283 859 1349 ὁ
880 1285 1021 1369 Λαβεὼν
1040 1279 1103 1349 οὖν

89 1409 190 1476 φησιν
230 1392 333 1458 αὐτὸν
368 1397 545 1458 καλεῖσθαι
582 1390 693 1456 Ἰανὸν
728 1393 915 1474 Κονσίβιον
951 1388 1101 1455 τουτέστι

89 1501 260 1584 βουλαῑον,
279 1498 390 1563 Ἰανὸν
408 1502 588 1583 Κήνουλον
606 1496 661 1563 καὶ
676 1499 884 1582 Κιβούλλιον
902 1535 945 1544 -
965 1498 997 1563 οἱ
1015 1499 1079 1582 γάρ
1095 1506 1208 1565 Cedren.

86 1602 230 1688 Ῥωμαῖοι
241 1608 358 1688 κίβους
367 1605 565 1690 τὴντροφὴν
574 1603 716 1670 ἐκάλουν
724 1642 761 1650 -
771 1595 846 1669 οἷον
855 1603 1103 1689 εὐωχιαστικόν,
1116 1616 1142 1669 Χ

90 1715 269 1797 Πατρίκιον
283 1709 362 1777 ὡσεὶ
372 1710 573 1795 αὐτόχθονα,
583 1715 792 1795 Κλουσίβιον
801 1709 875 1776 ἀντὶ
885 1720 946 1777 τοῦ
960 1710 1102 1795 δδιαῑον,
1117 1735 1143 1773 12

84 1814 274 1883 Ἰουνώνιον
288 1817 460 1883 τουτέστιν
473 1817 598 1904 ἀέριον,
617 1823 771 1905 Κυρῖνον
784 1816 906 1884 ὡσανεὶ
920 1821 1103 1905 πρόμαχον,

90 1926 298 1991 Πατούλκιον
324 1923 380 1989 καὶ
402 1925 576 1991 Κλούσιον
598 1924 702 1991 οἱονεὶ
725 1928 868 2012 θυρεόν,
897 1926 1103 2010 Κουριάτιον

90 2029 189 2096 οἱονεί
203 2034 329 2117 ἔφορον
344 2031 503 2114 εὐγενῶν·
517 2033 716 2119 Κουριάτιοι
730 2035 794 2118 γάρ
809 2029 1013 2119 καίὉράτιοι
1028 2031 1102 2096 ὀνό-
1117 2054 1143 2094 15

90 2161 172 2220 ματα
185 2137 394 2223 εὐπατριδῶν
408 2139 482 2203 εἰσι.
504 2136 559 2202 καὶ
574 2139 606 2203 οἱ
620 2134 682 2222 μὲν
695 2139 865 2224 δίμορφον
878 2139 981 2204 αὐτὸν
994 2144 1102 2222 μυθο-

157 2313 180 2349 ν.
200 2301 224 2349 8.
243 2293 339 2349 Labeo
357 2294 433 2348 Kahl
450 2294 552 2349 Philol.
572 2295 663 2364 suppl.
681 2295 707 2349 V
727 2300 779 2349 730
789 2312 830 2364 sq.

157 2455 180 2490 v.
200 2442 216 2490 3
236 2433 279 2491 ὅτι
298 2437 480 2506 ίαννουάριος
498 2435 606 2506 είρηται
625 2437 681 2492 άπὸ
700 2445 750 2491 τοῦ
769 2437 852 2491 ίανοῦ
867 2440 939 2491 θεοῦ
953 2456 1030 2500 τινος
1049 2439 1100 2492 eet.

92 2505 143 2560 δυο.
163 2508 192 2561 Y
259 2515 277 2562 4
295 2508 345 2563 τὸν
364 2508 530 2577 ίανουάριον
549 2508 639 2578 ἀρχὴν
657 2517 707 2562 τοῦ
726 2508 856 2563 ἐνιαυτοῦ
875 2505 994 2578 ᾇωμαίοι
1011 2507 1102 2576 ἐνόμι·

92 2579 134 2640 ζον
147 2580 195 2633 καί
209 2578 258 2633 διὰ
273 2588 354 2634 τοῦτο
370 2580 456 2635 αὐτὸν
471 2577 558 2642 οὕτως
571 2577 627 2635 ὠνό
648 2597 722 2634 ασαν
735 2581 772 2642 ὡς
785 2577 803 2647 ἢ
817 2587 867 2633 τοῦ
882 2580 985 2642 αἰῶνος
995 2577 1102 2647 πατέρα

91 2644 106 2714 ἢ
125 2647 165 2704 ὅτι
184 2649 248 2706 ἔνον
266 2650 317 2706 τὸν
336 2650 465 2706 ἐνιαυτὸν
485 2648 595 2720 mam
613 2600 693 2706 εδιτιον
707 2651 744 2713 ὡς
757 2648 925 2721 καλλίμαχος
942 2649 960 2720 ἢ
980 2649 1036 2705 άπὸ
1055 2659 1104 2720 τῆς

93 2719 204 2784 ίανοάας
219 2719 235 2776 ὅ
253 2721 310 2776 ἐστι
322 2723 417 2790 θύρας
431 2721 599 2790 ίανουάριον
613 2721 810 2792 ὀνομασθῆναι
824 2723 864 2791 Η,
884 2720 927 2776 ὅτι
941 2722 976 2790 άρ
995 2722 1012 2790 ὴ
1028 2722 1103 2790 ἱερα-

92 2801 164 2885 τικοῦ
179 2792 309 2848 ἐνιαυτοῦ
324 2792 517 2884 δ’ίρινονάριος
525 2802 589 2882 μοῖς
602 2790 737 2884 ρωμαίοις
749 2792 827 2862 παρὰ
836 2802 886 2874 τοῦ
896 2743 1028 2865 βασιλέως
1037 2813 1103 2882 νου;

93 2861 672 3005 ακυπαρίττινονἓ
691 2865 1104 3006 ,κακκάσκι

94 3002 117 3056 οί
134 3004 182 3073 μὲν
206 3003 347 3076 δίμορφον
366 3009 421 3078 (16)
435 3039 470 3048 -
484 3025 510 3076 p.
527 3013 574 3075 64,
591 3014 606 3061 6
626 3005 797 3077 σεσωσμένον
815 3005 982 3061 Lambecius
1001 3005 1032 3058 in
1051 3004 1103 3059 Oo-

95 3073 184 3130 d'mum
202 3095 229 3146 p.
245 3084 295 3131 152
314 3096 355 3132 nr.
371 3084 405 3132 26
482 3083 499 3131 8
518 3080 647 3150 Λαβεών]
669 3080 762 3150 λαβών
780 3080 808 3132 Β
881 3074 1057 3132 9κονσίλιον
1075 3075 1103 3130 Β

96 3149 124 3198 10
141 3149 188 3203 καὶ
206 3149 374 3220 Κιβοῦλλιον
387 3181 423 3190 -
438 3155 469 3203 11
491 3148 609 3204 ἐκάλουν
625 3165 639 3203 e
654 3149 774 3220 Georgio
790 3149 914 3204 Cedreno
928 3147 994 3201 hist.
1013 3164 1102 3216 comp.

93 3231 116 3282 p.
130 3223 210 3288 2953
224 3219 312 3274 Bonn.
328 3220 439 3276 addidi:
459 3219 501 3275 δτι
512 3219 644 3290 Ῥωμαῖοι
661 3218 758 3293 κίβους
776 3220 827 3289 τὴν
842 3218 951 3288 τροφὴν
971 3216 1101 3272 ἐκάλουν·

96 3285 119 3350 ἕξ
137 3286 167 3344 οὸ
185 3292 235 3346 καὶ
250 3288 343 3347 Ἰανὸν
360 3292 527 3362 Κιβούλλιον
546 3291 595 3346 διὰ
613 3292 644 3347 τὸ
665 3293 718 3346 εὸα
736 3291 850 3346 αστικὸν
869 3291 917 3345 καί
932 3288 1027 3344 Ἰανὸν
1046 3293 1103 3344 Κυ-

96 3366 166 3422 ρῖνον
184 3363 286 3417 ὡσανεὶ
303 3361 464 3434 πρόμαχον,
482 3365 531 3418 καὶ
550 3369 693 3418 Κονσαῑον
711 3313 776 3418 άντὶ
794 3371 843 3417 τοῦ
863 3361 963 3417 ὁδαῑον
982 3361 1030 3414 καί
1048 3379 1103 3414 πα-

95 3427 193 3496 τρίκιον
214 3431 378 3505 αὐτόχθονα
469 3440 501 3487 11
522 3431 595 3506 οἷον]
619 3431 759 3490 τουτέστιν
778 3436 806 3488 Β
837 3436 840 3504 Ι
870 3430 1057 3504 εῦιοχαστικόν
1075 3431 1104 3486 Β

98 3503 125 3551 12
143 3503 260 3559 είδιαῖον
278 3507 306 3559 Β
393 3512 427 3560 14
444 3506 577 3561 κλοάδιον
600 3507 628 3560 Β
716 3513 749 3560 15
768 3507 869 3561 ὡσανεί
893 3506 1013 3576 εὐγενῶν
1037 3503 1103 3574 έφο-

98 3588 141 3634 9ον
157 3575 183 3628 Β
198 3579 203 3648 Ι
219 3577 268 3631 καί
281 3574 417 3649 Ὁράτιοι]
436 3578 485 3632 καί
504 3577 583 3633 omis,
602 3578 631 3631 Β
