2556 3996
165 204 209 267 42
529 203 639 258 LIBER
656 202 810 258 TERTIUS

67 378 149 432 XYS
164 367 291 452 ταύρου
313 365 489 452 μυκωμένη
509 368 684 452 δαιμόνιόν
702 391 778 432 τινα
791 369 971 453 μυκηθμὸν
985 371 1033 446 είς
1046 370 1105 453 την
1117 377 1172 434 τοῦ

165 472 276 557 άέρος,
304 473 324 558 η
349 470 386 538 δὲ
413 483 474 539 τοῦ
501 472 609 559 ύδρου
635 476 738 560 πικρά
764 473 819 540 καὶ
848 477 988 553 ἄστυτος
1011 477 1109 559 φύσις
1130 476 1173 552 είς

165 581 227 664 την
249 589 309 646 τοῦ
332 579 468 665 ύδατος,
492 579 512 664 η
537 575 574 644 δέ
596 589 657 646 τοῦ
679 581 781 658 κυνὸς
803 581 1059 666 κολαστικηκαὶ
1082 607 1175 668 τιμω-

166 688 223 772 ρὸς
252 689 300 763 εἰς
330 688 393 770 τὴν
424 697 497 771 γῆν.
543 687 626 752 ὅθεν
657 685 712 752 καὶ
744 687 917 774 Κέρβερον
945 689 1051 773 αὐτὴν
1077 687 1175 755 οἱονεὶ

124 797 354 879 Χκρεωβόρον
386 795 418 859 οί
449 792 583 876 ποιηταί
614 795 933 880 προσαγορεύουσιν.
985 796 1087 879 αὐτῆς
1119 791 1175 862 οὖν

138 907 222 982 οτῆς
246 900 385 982 σελήνης
407 910 475 964 τῶν
496 901 667 985 τεσσάρων
689 904 862 984 στοιχείων
889 903 1075 987 κρατούσης
1098 905 1176 969 εἰκό-

164 1028 228 1081 τως
252 1006 284 1070 οί
306 1003 442 1070 παλαιοὶ
464 1006 525 1089 την
553 1005 659 1092 ἀρχὴν
685 1016 745 1072 τοῦ
773 1010 868 1084 έτους
892 1007 1092 1092 ἀμφοτέροις
1115 1011 1176 1095 ἅμα

165 1110 326 1177 ἀνέθεντο
349 1123 420 1188 τοῖς
442 1116 561 1196 φωσίν.

232 1219 261 1283 9.
273 1220 316 1283 Αἱ
330 1228 390 1284 τοῦ
405 1221 533 1305 σπόρου
550 1218 669 1305 ἑορταί,
688 1221 723 1284 αἱ
737 1223 913 1306 λεγόμεναι
930 1223 1021 1307 παρά
1035 1221 1109 1286 Ῥοι-
1118 1231 1223 1300 ΡοΙΠμ

124 1348 151 1387 ιο
164 1328 275 1409 μαιόις
312 1328 525 1411 σημαντῖβαι,
566 1324 716 1392 τουτέστι
753 1330 925 1412 σπόριμοι,
964 1328 1025 1394 ούκ
1062 1332 1175 1414 ἔλαχον

165 1430 353 1516 ὡρισμένην
379 1432 519 1519 ἡμέραν,
548 1434 599 1499 ὅτι
626 1434 688 1499 ούκ
715 1433 879 1519 εὐπρεπὴς
905 1444 969 1510 πῶς
991 1437 1106 1521 καιρὸς
1133 1437 1175 1512 εἰς

165 1537 270 1624 ἀρχὴν
297 1543 438 1625 σπόρου·
470 1539 578 1626 ἢγδιρ
606 1542 755 1626 πρώϊμος
782 1542 839 1606 διὰ
865 1529 924 1617 τάς
953 1540 1132 1628 ἐπομβρίας
1156 1541 1174 1625 ἢ

165 1646 284 1730 ύψιμος
305 1647 363 1711 διδι
382 1648 440 1723 τὰς
460 1648 669 1732 βραδυτῆτας
689 1650 825 1730 γίνεται.
853 1649 975 1730 ἤγοντο
997 1644 1035 1712 δὲ
1050 1647 1103 1713 ἐπὶ
1118 1648 1174 1713 δύο

163 1749 297 1836 ἡμέρας,
316 1752 378 1817 ούκ
397 1751 512 1838 ἐφεξῆς
531 1752 615 1818 ἀλλά
633 1751 735 1838 μέσον
749 1752 936 1838 γινομένων
955 1752 1049 1819 έπτά·
1067 1753 1122 1820 καὶ
1138 1763 1174 1840 τῇ

124 1879 150 1919 ιι
164 1853 226 1942 μέν
238 1860 351 1944 πρώτη
368 1860 560 1940 ἱεροποίουν
573 1861 737 1946 Δήμητρι,
757 1851 831 1925 οἷον
844 1869 883 1946 τῇ
899 1863 947 1946 Γῇ
962 1870 1001 1946 τῇ
1020 1860 1175 1945 ὑποδεχο-

164 1962 246 2050 μένη
260 1967 338 2041 τοὺς
352 1967 512 2051 καρπούς·
529 1961 599 2032 εἶτα
613 1969 693 2051 μετὰ
708 1965 789 2031 ἑπτά
801 1964 925 2052 ἡμέρας
937 1969 1044 2053 Κόρη,
1059 1977 1098 2054 τῇ
1113 1977 1175 2032 τῶν

70 2079 151 2135 XYS
163 2082 300 2156 καρπῶν
319 2071 440 2160 έφόρφ,
464 2071 533 2138 έπεὶ
556 2082 624 2138 πᾶν
643 2071 771 2158 σπέρμα
790 2072 969 2157 ἑβδομαῖον
987 2075 1175 2159 προκύπτει,

163 2176 219 2243 καὶ
250 2177 291 2243 ού
321 2177 449 2264 σπέρμα
479 2182 598 2264 μόνον,
629 2179 713 2245 ἀλλὰ
742 2177 798 2244 καί
826 2179 983 2264 ἐμψύχων
1009 2182 1051 2246 τὰ
1074 2181 1176 2265 πτηνά

163 2285 223 2349 τὸν
246 2282 425 2369 ἕβδομαῑον
452 2283 505 2350 ἐπὶ
532 2286 644 2371 τριάδι
670 2286 752 2351 κατὰ
779 2286 840 2369 τὴν
866 2285 1000 2369 γένεσιν
1022 2288 1177 2372 φυλάττει

124 2414 150 2453 ιο
164 2392 276 2475 λόγον,
299 2389 509 2477 έξηρημένων
529 2402 641 2476 χηνῶν
662 2390 717 2456 καὶ
737 2392 826 2456 ὅσων
848 2394 881 2458 οἱ
904 2391 1041 2476 φυσικοὶ
1065 2411 1177 2479 σημαι-

165 2506 293 2563 οῦνται·
322 2496 375 2563 ἐπὶ
402 2495 464 2582 μὲν
486 2500 550 2584 γδιρ
573 2507 631 2582 τῆς
653 2503 765 2585 τρίτης
788 2501 921 2586 άρχεται
943 2499 964 2583 ἡ
987 2501 1110 2585 καρδία
1131 2523 1176 2563 κι-

163 2610 312 2688 νεῖσθαι,
340 2603 394 2670 έπδ
418 2602 455 2670 δέ
477 2615 535 2690 της
559 2603 700 2690 ἑβδόμης
723 2607 760 2672 τὸ
784 2606 918 2690 σύμπαν
945 2607 1175 2690 αἱματοῦσθαι,

163 2707 217 2774 έπδ
240 2707 278 2775 δὲ
300 2720 357 2794 τῆς
375 2714 724 2798 τεσσαρεςκαιδεκάτης
747 2714 999 2798 διαρθροῦσθαι
1020 2714 1057 2778 τὸ
1077 2725 1175 2797 σῶμα,

164 2815 217 2882 ἐπὶ
240 2814 278 2882 δέ
300 2828 358 2902 τῆς
381 2820 511 2896 εἰκάδος
532 2820 664 2905 πρώτης
692 2818 903 2904 ῥηγνυμένου
929 2828 990 2884 τοῦ
1012 2820 1177 2903 κελύφους

234 3029 258 3064 v.
274 3016 290 3063 2
310 3007 398 3078 ύδρου
411 3010 447 3079 A,
467 3008 571 3079 ἀνδρός
585 3011 671 3082 BA„
690 3009 778 3079 ύδρου
797 3011 850 3066 Ys
921 3017 936 3064 5
954 3011 1176 3082 προσαγορεύου·

163 3099 216 3137 σιν.
242 3081 352 3152 reliqua
369 3082 515 3152 usquead
534 3087 567 3134 17
587 3078 629 3135 δτι
648 3089 706 3137 πᾶν
725 3079 833 3150 σπέρμα
847 3082 950 3135 desunt
968 3083 1021 3138 ΥΒ
1093 3089 1108 3137 7
1127 3083 1175 3151 ἀμ

163 3151 283 3222 φύτερον
298 3155 325 3208 Β
400 3159 433 3207 10
452 3150 618 3222 σημαντίναι
636 3154 719 3224 A„B‚
739 3151 907 3225 σημαντίβαι
923 3154 951 3207 A
1024 3159 1057 3207 13
1077 3153 1177 3223 ύψιμος

162 3226 218 3279 δυα
240 3227 268 3279 Α
368 3231 402 3279 14
420 3222 551 3295 γινομένη
576 3225 605 3277 Β
700 3229 732 3277 15
752 3222 960 3294 ὑποδεχομένου
984 3225 1023 3294 A,
1051 3242 1120 3279 corr.
1137 3225 1174 3296 A,

164 3302 197 3350 17
216 3296 276 3350 ἐπεὶ
294 3299 364 3368 πᾶν]
385 3294 505 3350 ὅτιτῶν
523 3294 577 3349 Ys
647 3301 679 3349 18
699 3295 748 3349 καὶ
766 3296 799 3348 ού
819 3293 926 3364 σπέρμα
941 3293 1028 3366 μόνον
1041 3295 1113 3350 ἀλλὰ
1132 3296 1177 3349 de-

163 3371 229 3422 sunt
251 3368 280 3421 Y
301 3370 305 3438 l
329 3369 451 3422 καὶτῶν
471 3366 603 3436 ἐμψύχων
626 3366 655 3419 Υ
725 3371 758 3419 19
777 3365 849 3420 κατδι
873 3366 994 3421 omiS.S
1064 3373 1099 3420 20
1118 3367 1177 3440 ἐξη-

163 3436 333 3508 ρημένων-
344 3445 523 3509 σημειούνται
538 3437 639 3491 desunt
657 3437 691 3504 Υ,
709 3435 781 3511 λόγῳ
798 3436 849 3506 μὲν
863 3435 1072 3508 ξηραινομέυωυ
1086 3448 1177 3508 χηνῶν

163 3511 267 3579 (χυμῶν
285 3511 371 3580 B)X‚
399 3506 483 3579 λόγον
511 3505 686 3579 ἐξηρημένων
711 3518 804 3579 χηνῶν
827 3509 850 3564 S
873 3511 876 3582 Ι
903 3508 969 3564 ὅσον
992 3510 1034 3578 Χ,
1064 3506 1137 3565 ὅσων
1158 3509 1179 3566 S

163 3585 198 3633 23
216 3578 543 3650 τεσσαρακαιδεκάτηςῧ
613 3586 647 3634 24
665 3581 788 3649 κελύφου
807 3581 865 3636 Xs
