2530 3988
362 205 471 260 LIBER
490 205 667 270 QUARTUS.
698 197 811 260 MAIUS
1033 208 1095 271 127

82 395 145 436 των
174 369 211 435 ἐν
245 373 371 456 Τιμαίῳ
404 372 524 453 φησίν,
557 367 682 455 ἐμφερῆ
715 370 777 453 τὴν
809 372 1006 455 συνεκτικὴν
1036 378 1137 436 τοῦΧ

82 478 200 554 παντὸς
225 475 432 541 ἐνδείκνυται
451 474 553 554 τάξιν.
600 479 745 541 λείπεται
764 475 782 541 ὁ
801 474 957 560 πέμπτος,
980 478 1097 543 Μάϊον

83 580 117 649 δέ
139 584 242 648 αὐτὸν
265 583 298 648 οἱ
312 581 463 668 Ῥωμαῖοι
486 588 655 649 καλοῦσιν.
698 581 810 665 ἐπειδὴ
836 582 883 665 δέ,
907 585 951 659 ὠς
973 586 1097 650 πολλά-

81 716 130 768 κις
151 693 338 777 εἰρήκαμεν,
362 689 380 756 ὁ
404 699 461 774 τῆς
483 690 646 767 πεντάδος
665 689 809 776 άριθμὸς
828 701 895 755 τῶν
913 689 1097 777 θειοτέρων

81 800 159 862 κατά
189 798 250 862 τὸν
272 796 433 862 Ἡσίοδον
462 798 672 882 κεχώρισται,
705 798 792 872 είκὸς
821 792 864 880 ῆν
894 797 998 863 αὐτὸν
1027 807 1098 873 τοῖς
1125 819 1138 857 5

81 901 326 988 κατοιχομένοις
349 902 611 987 ἀπονεμῆθῆναι.
656 903 760 990 ῆγδιρ
781 906 902 981 πεντάς
920 914 959 990 τῆ
979 905 1098 988 αἰσθη-

81 1021 119 1097 τῆ
142 1012 243 1096 φύσει
267 1009 446 1092 ἀνάκειται,
471 1019 596 1093 σφαῖρα
619 1011 683 1095 γάρ
707 1009 811 1076 ἐστιν·
835 1010 949 1087 ὁσάκις
967 1012 1031 1097 γάρ
1056 1009 1098 1076 διν

82 1119 140 1184 τὸν
163 1115 260 1182 πέντε
283 1115 537 1203 πολυπλασιάσχ
560 1140 611 1193 τις
629 1116 788 1204 άρνδμόν,
812 1119 858 1194 είς
878 1116 999 1183 ἑαυτὸν
1017 1117 1099 1183 ἀπο-

80 1226 328 1307 καταστῆσεται·
358 1221 414 1287 καὶ
444 1224 508 1307 γάρ
538 1222 556 1288 ὁ
584 1223 682 1289 πέντε
708 1226 936 1309 παρεπόμενος
964 1235 1034 1300 τοῖς
1062 1224 1099 1290 έν

80 1335 205 1415 πλῆθει
229 1330 387 1416 άρνδμοῖς
410 1331 457 1406 είς
477 1330 538 1413 τῆν
557 1330 661 1414 αὐτὴν
679 1329 735 1396 καί
752 1334 1099 1415 πολυπλασιαζόμενος
1114 1351 1140 1389 1⁰

80 1440 259 1521 καταλήγει
282 1439 455 1520 ποσότητα.
501 1435 556 1502 καί
580 1439 687 1515 άλλως
714 1434 752 1503 δὲ
775 1441 929 1522 φαίνεται
953 1441 1100 1520 φυσικῆν

83 1569 160 1611 τινα
184 1543 330 1626 δύναμιν
358 1541 394 1607 ἐν
423 1541 528 1630 ἑαυτῷ
555 1543 574 1609 δ
601 1542 700 1610 πέντε
726 1546 916 1629 περιλαβὼν
944 1542 1099 1629 ἀριθμός·

83 1651 238 1734 τῶνγὰρ
263 1649 300 1714 έν
322 1648 449 1731 γενέσει
473 1648 505 1728 ἐξ
534 1649 651 1735 άρτίου
679 1649 734 1715 καὶ
756 1659 913 1737 περιττοῦ
938 1651 1100 1716 συνεστώ-

83 1781 167 1840 των,
200 1755 300 1832 αὐτὸς
332 1751 419 1821 εἶναι
450 1766 601 1833 τοιοῦτος
632 1756 781 1842 πέφυκεν
814 1756 850 1822 ἐκ
879 1757 1015 1842 τριάδος
1044 1754 1100 1821 καί

83 1865 207 1940 δυάδος
231 1865 465 1948 συναγόμενος.
510 1865 613 1950 ταύτῃ
637 1874 722 1948 γοῦν
744 1875 817 1941 ταῖς
834 1873 902 1928 τῶν
920 1866 1098 1950 προγόνων
1112 1866 1194 1921 XHS

82 1982 191 2056 τιμαῖς
219 1971 251 2035 οὶ
274 1969 426 2054 Ῥωμαῖοι
455 1973 515 2036 τὸν
542 1970 691 2055 πέμπτον
723 1971 889 2058 ἀνέφερον
918 1979 1020 2056 μῆνα,
1054 1978 1100 2057 τῷ
1114 1991 1140 2030 16

83 2075 144 2163 μέν
167 2077 270 2164 άρτίφ
293 2079 372 2154 τοὺς
394 2076 650 2162 κατοιχομένους
672 2089 840 2162 τιμῶντες,
864 2086 909 2167 τῷ
933 2074 971 2142 δὲ
988 2099 1099 2163 περιτ-

84 2193 129 2273 τῷ
153 2187 232 2261 τοὺς
255 2186 304 2249 ἔτι
327 2182 546 2267 σωζομένους·
574 2185 654 2268 μετὰ
677 2186 741 2271 γάρ
767 2187 871 2260 θεοὺς
894 2185 956 2269 οὐχ
979 2185 1141 2266 ῆττοναΧ

84 2293 185 2377 τιμῆν
220 2301 291 2366 τοῖς
328 2289 455 2356 ἑαυτῶν
490 2293 670 2376 προγόνοις
706 2290 881 2378 εἰσέφερον
919 2292 951 2358 ol
982 2291 1100 2356 πάλαι·
1116 2311 1141 2349 ιο

86 2403 221 2483 μαίορες
245 2394 283 2463 δὲ
306 2400 383 2474 τοὺς
405 2399 593 2482 προγόνους
615 2401 761 2483 πατρίως
785 2404 965 2474 καλοῦντες
985 2398 1134 2462 Μάίον8

86 2508 146 2572 τὸν
169 2515 257 2590 μῆνα
281 2503 316 2569 ἐκ
339 2515 396 2589 τῆς
420 2504 556 2570 ἐκείνων
578 2515 674 2589 τιμῆς
697 2505 882 2589 ὠνόμασαν.
929 2506 961 2571 οἱ
981 2501 1017 2570 δὲ
1036 2503 1100 2569 άπὸ
1116 2507 1142 2560 X

86 2622 144 2696 τῆς
158 2615 272 2710 Μαίας
285 2620 342 2695 τῆς
351 2610 532 2689 ’Ἁτίαντος
545 2621 603 2696 τῆς
616 2610 740 2697 Ἑρμοῦ
754 2613 919 2698 <μῆτρὸς>
933 2611 1102 2690 ἀξιοῦντες

159 2804 184 2840 v.
200 2792 215 2840 5
234 2784 373 2839 Hesiodus
392 2785 442 2855 Op.
463 2788 492 2840 et
510 2784 576 2838 Dies
594 2803 618 2839 v.
633 2791 684 2838 802

159 2965 185 2999 v.
201 2952 233 2999 15
253 2943 295 3000 ὅτι
311 2955 372 3008 ταῖς
385 2955 441 3000 τῶν
454 2944 601 3016 προγόνων
615 2979 650 2986 -
664 2952 696 2999 21
717 2954 797 3015 τιμῆς
811 2943 960 3014 ὠνόμασαν
974 2945 1002 3013 S,
1021 2943 1103 3013 μάϊος

90 3017 146 3072 άπὸ
163 3025 214 3071 τοῦ
273 3015 353 3079 ιάδος
371 3016 464 3085 ἑρμοῦ,
484 3012 505 3071 ὧ
519 3019 568 3072 καί
582 3016 729 3072 ἀνάκειται
744 3018 781 3080 ὠς
795 3017 835 3080 είς
848 3017 929 3086 τιμὴν
943 3024 992 3085 τῆς
1006 3034 1102 3086 γερου-

90 3087 151 3150 σίας
173 3091 226 3142 τεῦ
240 3107 304 3150 ντος
330 3089 364 3155 Υ,
392 3087 464 3143 κατὰ
486 3088 537 3143 τὸν
559 3087 643 3158 μάϊον
666 3090 731 3150 τοῦς
756 3089 849 3143 αὐτῶν
870 3084 1028 3157 προγόνους
1050 3083 1102 3155 (im-

91 3169 169 3229 μαίοι
178 3168 316 3228 τιμῶντες,
331 3156 432 3229 μαίους
445 3157 477 3214 δὲ
490 3160 556 3221 τοῦς
569 3158 726 3230 προγόνους
739 3157 863 3227 πατρίως
875 3161 999 3225 καλοῦσι,
1018 3156 1103 3225 μάϊον
1137 3167 1139 3172 ’

90 3231 139 3286 τὸν
157 3238 232 3299 μῆνα
251 3229 281 3284 ἐκ
295 3238 344 3300 τῆς
362 3227 476 3285 ἐκείνων
490 3239 569 3300 τιμῆς
587 3229 743 3301 ὠνόμασαν.
782 3229 809 3284 οἱ
827 3229 858 3284 δὲ
877 3228 933 3282 άπὸ
952 3236 1000 3297 τῆς
1019 3227 1104 3296 μαίας

92 3301 176 3371 μάϊον
188 3309 289 3356 τοῦτον
303 3299 500 3372 ὀνομασθῆναί
514 3318 601 3371 φασιν
615 3303 649 3356 Η
659 3302 757 3356 11657
828 3307 860 3355 18
880 3297 947 3369 μετὰ
957 3331 991 3339 -
1003 3305 1035 3353 19
1050 3298 1103 3352 πά-

92 3377 136 3427 λαι
155 3371 276 3426 omiss
347 3379 379 3427 19
399 3372 500 3428 ἑαυτὸν
518 3375 547 3427 Β
583 3373 610 3427 ol
628 3373 726 3427 πάλαι
751 3371 835 3441 μάϊου
854 3370 885 3425 δὲ
904 3378 979 3440 μῆνα
1002 3370 1033 3424 ἐκ
1054 3379 1104 3440 τῆς

93 3442 206 3499 ἐκείνων
219 3451 299 3513 τιμῆς
313 3443 471 3513 ὠνόμασαν,
484 3461 556 3512 κατρ
570 3465 607 3506 ως
619 3447 768 3506 καλοῦντες
781 3443 832 3512 τῆν
847 3441 941 3511 τιμήν·
960 3442 988 3496 οἱ
1002 3441 1033 3496 δὲ
1048 3444 1103 3512 (22)

93 3517 184 3642 ξπ
203 3520 239 3569 20
256 3517 441 3571 ΠΙΑΟΙΝΠΕ(
459 3515 487 3584 S,
511 3513 624 3583 μαίορες
641 3514 740 3583 scripsi
822 3520 855 3566 22
876 3514 1020 3586 (μητρός)
1039 3513 1103 3566 αδδ.

119 3631 124 3641 .
175 3602 278 3641 issowa
