2556 3996
449 201 558 256 LIBER
577 201 731 257 TERTIUS
1051 203 1095 267 43

84 365 216 450 ἀφιέναι
238 369 366 452 φωνην.
407 369 542 451 μεγίστη
566 366 630 451 γάρ
652 365 672 449 ἡ
697 365 838 449 δύναμις
861 373 919 448 τῆς
943 363 1095 442 έπτάδος·
1110 376 1167 430 ΧῩ

84 474 185 561 δγδρ
212 473 284 540 κατ’
308 468 413 557 αὐτὴν
444 471 589 558 άριθμδς
615 472 735 557 άμιγής
767 471 837 536 έστι
867 469 923 536 καὶ
951 471 1095 558 ἀμήτωρ,
1109 483 1135 536 Χ

83 583 160 664 μήτε
181 593 310 665 γεννῶν
332 583 413 666 μήτε
435 580 657 663 γεννώμενος,
680 579 725 654 ὡς
747 577 883 654 ἕκαστος
905 589 974 643 τῶν
997 578 1034 643 έν
1055 587 1095 664 τῇ

83 688 195 753 δεκάδι
213 687 377 771 ἀριθμῶν.
414 687 497 752 ὅθεν
514 683 569 750 καὶ
589 685 622 750 οἱ
641 686 872 769 Πυθαγόρειοι
889 683 1019 771 Ἀθηνᾷ
1035 685 1097 768 την
1110 695 1190 750 XYS

84 791 203 860 ἑπτάδα
226 794 455 860 ἀνατίθενται·
483 801 522 878 τῇ
550 793 614 877 γάρ
642 792 786 878 περιόδῳ
815 788 898 875 φασδ
919 799 978 874 τῆς
1001 789 1095 875 ἑβδο-
1122 815 1135 855 ι
1181 823 1183 829 ·

84 901 183 983 μάδος
218 900 326 966 πάντα
362 899 515 965 ἀθάνατα
551 899 753 977 διασώζεται.
811 895 867 963 καὶ
904 899 961 963 διδι
994 908 1094 965 τοῦτο
1108 911 1166 965 ΧΥ

84 1012 241 1072 καλοῦσιν
272 1007 377 1090 αὐτὴν
407 1004 581 1091 παρθένον
612 1003 877 1089 ὀβριμοπάτραν,
915 1005 1002 1070 διότι
1038 1015 1096 1088 τῆς

84 1113 224 1195 μονάδος
246 1121 304 1196 τῆς
325 1113 433 1177 πάντα
455 1111 672 1197 περιεχούσης
699 1108 755 1175 καί
782 1110 1015 1195 ὑποστησάσης
1038 1113 1096 1196 μό-

84 1242 140 1302 νης
162 1217 231 1284 έστδ
254 1218 416 1303 γέννημα·
446 1220 535 1283 αἰτία
557 1219 621 1304 γάρ
645 1217 780 1283 πάντων
802 1217 823 1301 ἡ
847 1219 959 1302 μονάς.
1006 1217 1096 1301 λέγε-

84 1349 133 1389 ται
156 1322 193 1391 δὲ
218 1324 275 1390 καὶ
301 1328 409 1411 κρίσις
436 1325 493 1390 διδι
524 1325 562 1389 τὸ
593 1331 639 1410 τῷ
670 1324 791 1408 ταύτης
823 1323 957 1412 άριθμῷ
988 1325 1096 1390 πάντα
1109 1350 1136 1389 10

84 1432 261 1516 λαμβάνειν
283 1433 344 1516 τὴν
367 1429 421 1497 έπδ
443 1431 590 1517 θάτερον
613 1433 758 1513 ἔκβασιν.
790 1428 968 1496 καὶτοῦτο
991 1433 1096 1514 δῆλον

84 1536 117 1602 ἐκ
147 1549 204 1623 τῆς
234 1543 416 1621 καθολικῆς
447 1548 515 1602 τῶν
542 1536 733 1617 ἀνθρώπων
764 1535 908 1619 ἡλικίας·
945 1535 999 1602 ε’πδ
1031 1539 1095 1623 γάρ

84 1654 141 1709 τοῦ
163 1644 340 1730 ἑξηκοστοῦ
363 1648 478 1729 τρίτου
506 1643 663 1709 ἐνιαυτοῦ
687 1681 729 1689 -
754 1641 835 1708 ἑπτά
863 1639 901 1708 δὲ
928 1643 1096 1709 έννεάδων

84 1749 149 1815 έστδ
167 1753 358 1828 σννεκτικός
377 1788 419 1797 -
438 1749 458 1833 ἡ
477 1749 606 1832 γένεσις
628 1753 786 1835 κρίνεται,
809 1758 870 1814 τοῦ
889 1760 1095 1837 ψυχοκρατη-
1109 1764 1135 1817 Y

83 1869 186 1943 τικοῦ,
219 1859 255 1935 ὅς
288 1856 379 1922 ἐστιν
406 1855 561 1941 ἕβδομος,
592 1854 648 1921 καὶ
677 1865 738 1921 τοῦ
768 1862 1093 1942 σωματοπίαστικοῦ,
1107 1882 1134 1924 15

84 1964 117 2041 ὅς
134 1965 224 2031 έστιν
245 1968 393 2049 έννατος,
417 1967 603 2029 συνιόντων
626 1962 720 2047 ὁμοῦ.

84 2197 194 2284 άρτιον
223 2195 373 2282 άριδμδν
401 2206 507 2279 τιμῶν
535 2205 630 2281 τριχῆ
664 2197 723 2271 τάς
753 2193 867 2281 ἑορτάς
899 2204 960 2259 τοῦ
991 2197 1097 2280 μηνὸς

84 2303 273 2368 διετύπωσε·
301 2306 439 2388 τρίπους
465 2302 529 2387 γάρ
558 2303 678 2378 οἰκεῖος
700 2299 924 2385 Ἀπόλλωνος,
951 2299 1093 2389 καὶγὰρ

148 2532 172 2567 v.
193 2520 208 2566 1
233 2512 340 2581 φωνήν.
378 2515 430 2567 cet.
460 2512 516 2565 des.
545 2511 568 2566 S
669 2517 685 2565 2
714 2510 873 2582 ὁγὰρ-4
892 2511 1023 2581 ἀριθμῶν
1047 2513 1094 2567 de-

84 2587 145 2638 sunt
166 2584 196 2637 Y
273 2581 380 2646 4δδεν
399 2584 426 2638 οδ
444 2584 484 2653 A,
504 2581 547 2636 ὅτι
566 2582 594 2637 ol
607 2589 672 2636 —6
693 2583 896 2648 διασώζεταιῧ
976 2586 1094 2656 δφασὶ]

53 2656 148 2724 ,μησί
165 2655 200 2720 A,
222 2654 338 2710 omis&
409 2652 517 2709 Ὶδιύτι
535 2655 609 2722 ΧΥ,
633 2652 731 2708 διὰτὸ
750 2655 793 2724 A,
868 2652 1094 2724 9αίτία-μο-

85 2727 131 2790 νάς
149 2725 227 2781 omis.
246 2726 276 2779 Y
344 2731 378 2780 10
396 2723 493 2794 κρίσης
505 2725 532 2779 A
551 2723 655 2793 κρίσεις
668 2724 742 2796 A‚B
759 2725 762 2796 δ
782 2729 821 2797 τῷ
840 2724 918 2778 omis.
937 2726 971 2792 Y,
995 2726 1026 2780 τὸ
1045 2726 1095 2781 τὸν

85 2799 114 2853 Ν
135 2801 138 2868 Ι
163 2796 288 2866 ἀριθμὸν
305 2798 340 2852 Ν
422 2802 454 2850 11
474 2795 584 2865 θάτερα
607 2798 641 2851 Ν
724 2800 757 2848 14
775 2794 941 2859 σοναιιτικύς
963 2797 1093 2866 ΑΟΕΘ,

85 2867 259 2930 ονντακτικός
276 2868 314 2936 D,
334 2865 503 2930 σνναπτικός
520 2869 555 2923 Ν
574 2868 578 2939 Ι
602 2865 777 2936 κρίνεται-
793 2873 825 2920 16
846 2867 919 2936 δμού
934 2868 1037 2921 desunt
1055 2868 1093 2935 X,

85 2938 180 3011 viginti
192 2939 352 2993 litterarum
366 2938 489 3010 spatium
502 2942 586 2992 vacat
600 2939 628 2992 B
701 2943 734 2990 11
749 2953 783 2991 ex
797 2938 851 2992 hae
865 2938 1043 3008 paragrapho
1061 2943 1094 2991 10

86 3009 227 3080 exscripsit
241 3009 378 3080 Georgius
388 3009 529 3065 Oedrenus
543 3025 585 3078 ea,
600 3025 673 3077 quae
689 3010 823 3078 leguntur
837 3008 868 3062 in
881 3009 1005 3063 editione
1019 3008 1094 3062 Bon-

85 3081 159 3136 nensi
198 3126 203 3136 .
218 3087 279 3150 294,
290 3099 315 3136 13
326 3099 386 3150 sqq.
402 3084 431 3136 et
445 3086 548 3152 1³:296,
558 3097 650 3149 sssqq.
671 3079 713 3134 δτι
729 3079 743 3134 ὁ
758 3079 785 3149 (δ
800 3079 878 3133 omis.
891 3079 973 3149 GM)
988 3087 1094 3147 νονμᾶς

86 3155 121 3217 είς
137 3101 199 3222 τρέξι
217 3152 267 3208 τὸν
285 3161 361 3223 μῆνα
383 3155 482 3208 διελὼν
499 3160 579 3222 τριχῆ
597 3151 647 3214 τὰς
665 3151 697 3206 ἐν
711 3151 785 3206 αύτῶ
799 3151 967 3205 διετύπωσεν
983 3148 1092 3217 ἑορτάς·

85 3223 193 3294 τρίπους
210 3227 265 3279 κτί.
285 3224 318 3292 Y,
338 3223 381 3278 ὅτι
400 3224 415 3278 δ
433 3231 539 3292 νονμᾶς
557 3223 607 3278 τὸν
624 3221 754 3291 περιττὸν
773 3221 897 3290 άριθμδν
913 3229 1000 3289 τιμῶν
1013 3229 1093 3290 τριχῆ

84 3295 130 3360 τδις
153 3303 201 3350 τού
226 3295 314 3366 μηνὸς
339 3295 436 3363 ἑορτὰς
461 3294 623 3348 έτύπωσεδ
694 3299 728 3347 19
747 3290 789 3347 δτι
815 3292 830 3346 δ
853 3290 969 3361 τρίκονς
991 3292 1094 3354 οἰκεῖος

85 3366 250 3435 ἀπύλίωνος,
275 3368 323 3421 καί
348 3366 401 3437 γάρ
427 3373 476 3436 τῆς
501 3364 624 3456 μονάδομς
649 3364 723 3420 ἐστὶν
748 3364 838 3418 εἰκών.
876 3361 919 3417 δτι
945 3360 1093 3418 &nassowa

85 3431 875 3578 ιιαιιδιάιάιῖιιδαίαιάίιιιικ
892 3437 1092 3579 μάννα,

86 3580 199 3636 έτύπωσε
217 3581 246 3633 Β
261 3582 266 3651 Ι
281 3578 421 3635 άπάλίωνι
440 3580 467 3633 Β
