2524 3984
516 186 720 242 PRAEFATIO
1086 187 1125 240 IX

338 353 362 415 Ο
869 355 897 413 Y

109 476 224 562 ῦυ>σίρι
248 478 433 557 δεξιούμενοι
455 477 505 539 καὶ
529 489 589 562 πῦρ
643 475 694 539 καὶ
725 477 775 539 διὰ
806 486 859 539 τοῦ
891 476 985 559 πυρὸς
1022 478 1124 552 αὐτοῖς

109 565 252 648 ἄσβεστον
291 563 416 647 αῦ<τοῖς
456 564 589 649 ἀνα>ιρέ-
644 566 915 640 ἄπαθανατίζοντες
950 565 1002 640 τὰς
1039 567 1124 645 τιμὰς

109 678 209 737 ροντες
223 654 265 729 ὡς
282 655 317 718 ὃν
333 651 455 737 αὐτο<ῖς
470 654 590 737 ὁ>μοιό-
643 655 694 718 ναὶ
717 665 776 737 πῦρ
800 654 832 716 ἐν
854 661 917 729 τοῖς
939 656 1028 738 ἱεροῖς
1049 655 1123 735 ἐφύ-

107 741 216 807 τατον.’
341 825 342 830 *
645 751 748 807 torreo
772 745 873 818 αὐτοῖς
895 741 1059 824 ἀθάνατον,
1083 741 1123 820 ὥς

644 833 681 896 bv
720 835 841 913 μάλιστα
884 834 985 908 αὐτοῖς
1024 831 1124 914 ὁμοιό·

644 919 753 984 τατον.’

175 1051 249 1107 sunt
271 1051 373 1108 autem
394 1049 554 1126 Porphyrii
577 1049 669 1108 verba
691 1049 727 1108 de
747 1049 822 1108 abst.
840 1047 879 1124 H,
891 1049 924 1107 5:
946 1047 1037 1132 ταύτῃ
1056 1047 1125 1121 τοὺς

110 1134 312 1214 φαινομένους
335 1135 494 1217 οὐρανίους
516 1135 608 1209 θεοὺς
630 1147 667 1221 τῇ
689 1137 783 1220 θυσίᾳ
801 1136 986 1215 δεξιούμενοι
1003 1135 1053 1197 καὶ
1071 1146 1123 1198 τοῦ

109 1224 204 1305 πυρὸς
228 1223 497 1298 ἀπαθανατίζοντες
519 1225 619 1297 αὐτοῖς
642 1223 693 1298 τὰς
721 1226 814 1303 τιμάς.
859 1225 975 1298 τούτοις
996 1225 1052 1307 γὰρ
1075 1225 1125 1286 καὶ

109 1313 141 1374 τὸ
163 1322 225 1394 πῦρ
249 1312 402 1375 ἀθάνατον
426 1314 609 1393 φυλάττομεν
632 1311 664 1374 ἐν
687 1318 748 1387 τοῖς
766 1315 866 1394 ἱεροῖς,
890 1312 930 1387 ὡς
948 1313 984 1376 bv
1002 1315 1126 1393 μάλιστα

109 1402 211 1475 αὐτοῖς
226 1399 409 1481 ὁμοιότατον,
432 1424 448 1463 e
467 1404 576 1480 quibus
595 1405 730 1480 apparet,
752 1424 822 1463 vere
835 1404 1043 1480 Porphyriana
1062 1424 1126 1464 esse

109 1511 157 1565 ea,
189 1511 269 1567 quae
298 1493 442 1569 leguntur
463 1493 495 1552 in
518 1494 545 1550 Y
569 1496 599 1552 et
628 1492 736 1552 desunt
763 1493 794 1551 in
822 1491 861 1552 0:
892 1494 954 1551 iam
983 1512 1053 1554 vero
1080 1513 1125 1552 se·

110 1581 216 1656 quitur
240 1613 282 1621 -
309 1581 367 1640 nisi
395 1582 472 1641 forte
502 1601 618 1641 sumere
648 1583 757 1657 mavis,
790 1601 808 1640 a
835 1582 965 1642 Maximo
987 1581 1124 1640 Planude

107 1669 208 1745 ipsum
229 1670 431 1746 Porphyrium
454 1671 622 1729 adhibitum
645 1689 708 1730 esse
731 1671 770 1730 ad
792 1669 959 1746 supplenda
979 1689 1022 1745 ea,
1046 1689 1124 1746 quae

107 1759 140 1816 in
163 1758 314 1818 codicibus
341 1759 499 1818 Laurentii
525 1760 715 1837 legebantur:
745 1778 838 1835 quam
865 1759 1067 1818 coniecturam
1090 1763 1125 1818 ut

105 1847 196 1905 nimis
223 1850 394 1908 tortuosam
420 1867 589 1924 parumque
618 1848 803 1924 probabilem
833 1866 954 1924 prorsus
983 1866 1126 1924 aspernor

107 1967 150 1976 --
177 1937 280 2012 ipsum
306 1937 477 2012 Lydianum
507 1937 651 2012 codicem,
684 1957 773 2012 quem
805 1937 934 2012 inspexit
965 1937 1123 2012 PlanudeS‚

106 2025 273 2100 pleniorem
286 2025 379 2085 fuisse
398 2045 490 2102 quam
508 2045 587 2085 nunc
605 2028 677 2084 sunt
695 2025 803 2085 codicis
819 2023 844 2084 Ο
862 2025 1017 2101 reliquiae.
1050 2027 1123 2101 quin

107 2113 200 2172 etiam
222 2115 278 2174 hoo
300 2115 367 2173 luce
391 2118 436 2174 est
458 2115 580 2190 clarina,
608 2133 670 2173 non
691 2117 802 2173 temere
825 2113 957 2173 omisisse
982 2114 1034 2173 sed
1056 2134 1124 2174 con·

107 2203 188 2262 eulto
209 2203 242 2260 in
263 2203 382 2263 brevius
406 2196 607 2264 contraxisse¹
629 2207 660 2262 et
678 2203 823 2262 nonnulla
846 2203 882 2261 de
901 2221 955 2263 suo
975 2203 1124 2263 addidisse

108 2310 177 2350 eum
196 2292 250 2367 qui
268 2293 399 2352 codicem
413 2291 438 2352 Ο
453 2293 629 2369 conscripsit
646 2292 804 2351 librarium
816 2293 865 2350 vel
884 2292 947 2351 eins
962 2294 1124 2368 auctorem,

106 2380 222 2456 quippe
241 2381 294 2456 qui
317 2401 371 2468 pro
395 2389 455 2462 πῦρ
478 2379 510 2441 ἐν
532 2385 594 2452 τοῖς
617 2381 707 2460 ἱεροῖς
733 2377 895 2457 ἐφύλαττον
923 2379 1025 2454 αὐτοῖς
1047 2378 1125 2440 ἀθά-

106 2490 198 2528 νατον
228 2471 364 2545 posuerit
395 2478 455 2550 πῦρ
487 2467 630 2550 ἄσβεστον
662 2469 763 2541 αὐτοῖς
795 2467 1002 2549 ἀναφέροντες.
1048 2465 1125 2545 quae

107 2576 176 2616 eum
188 2559 436 2635 perspexerimus,
454 2556 641 2636 hoc'semper
654 2559 808 2618 nobiscum
820 2563 993 2635 reputemus
1008 2577 1126 2618 necesse

107 2650 167 2720 est,
200 2647 319 2706 evenire
347 2649 481 2723 potuisse
508 2668 569 2708 non
595 2649 694 2708 selum
720 2648 796 2707 libro
820 2648 855 2706 de
878 2648 1042 2723 mensibus,
1075 2647 1127 2706 sed

106 2735 200 2794 etiam
225 2736 362 2812 operibus
386 2737 421 2795 de
444 2737 570 2797 ostentis
593 2740 624 2796 et
647 2737 682 2795 de
710 2735 948 2814 magistratibus
977 2741 1126 2812 quatenus

107 2824 145 2882 ab
169 2825 275 2884 eodem
302 2825 402 2885 codice
422 2823 446 2886 O
470 2825 646 2901 traduntur,
676 2827 712 2884 ut
741 2845 801 2886 non
828 2825 946 2902 integra
969 2824 1127 2884 Laurentii

106 2914 200 2972 verba
223 2914 399 2991 reciperent,
422 2916 475 2973 sed
498 2915 689 2990 aliquantum
708 2914 863 2972 decurtata
882 2916 913 2972 et
930 2914 1127 2990 interpolatur

107 3001 139 3059 id
162 3002 254 3078 qued,
277 3007 313 3062 ut
336 3004 470 3078 exemplo
495 3023 613 3079 quoque
631 3023 695 3062 rem
712 3003 870 3077 illustrem,
894 3003 1035 3062 accidisse
1053 3003 1127 3060 mihi

106 3089 232 3150 videtur
253 3091 285 3149 in
308 3093 459 3168 prooemio
482 3092 552 3150 libri
579 3092 615 3150 de
642 3091 868 3168 magistratibus
895 3088 951 3170 (=
976 3091 1011 3150 de
1035 3109 1126 3150 mens.

108 3181 218 3253 16,16
243 3179 337 3258 sqq.),
369 3181 449 3257 quod
477 3181 597 3240 brevius
630 3184 676 3240 est
703 3200 801 3256 neque
831 3199 899 3240 eum
928 3180 1064 3256 reliquis
1081 3179 1127 3238 ita

107 3268 258 3341 cohaeret,
280 3272 316 3327 ut
332 3270 523 3346 praefationi,
547 3288 624 3346 quae
642 3288 713 3330 vera
736 3269 777 3328 sit
798 3269 957 3345 praelatio,
980 3269 1127 3328 convenit.

107 3391 110 3396 Ι
186 3419 195 3450 ¹
215 3420 291 3488 quod
308 3439 335 3490 p.
352 3425 411 3488 167,
422 3426 455 3474 21
476 3424 505 3475 et
520 3427 554 3475 26
572 3420 617 3475 bie
637 3421 778 3474 omittitur
796 3420 897 3490 copula
912 3421 968 3489 nul,
987 3437 1037 3490 per
1051 3419 1127 3474 codi-

108 3489 396 3615 differlllrialemem
419 3495 545 3562 servata,
570 3491 752 3546 eCaeeolino
775 3490 890 3545 minoris
909 3490 1044 3545 momenti
1067 3506 1128 3545 esse
