2524 3984
493 209 603 263 LIBER
620 211 757 266 PRIMUS
1115 211 1135 276 3

125 374 310 458 σοφώτατα·
337 378 477 459 τριπλᾶς
499 375 563 459 γάρ
592 375 681 458 ἔχειν
708 375 770 458 τήν
796 375 908 459 ψυχήν
934 376 1094 461 δυνάμεις
1117 375 1176 442 δῩ

124 479 159 544 ἐν
183 481 334 545 Φαίδωνι
357 481 539 567 Σωκράτης
560 473 802 566 παραδίδωσιν,
829 481 967 567 ἡνίοχον
992 479 1054 567 μὲν
1076 484 1136 548 τὸν

123 595 218 670 νοῦν,
246 587 369 663 ἵππους
392 582 429 651 δὲ
451 587 510 663 τάς
532 596 590 670 τῆς
612 595 720 672 ψυχῆς
743 589 909 672 δυνάμεις.
954 589 1056 674 ταύτῃ
1080 587 1134 654 καὶ

121 697 301 777 χαλινῶσαι
324 694 386 777 τήν
407 693 519 778 ψυχήν
541 687 690 772 θεσπίζει
713 695 752 760 τά
776 696 885 777 λόγια·

156 837 243 922 ’χρή
266 832 304 900 δὲ
326 840 508 921 χαλινῶσαι
531 837 643 921 ψυχήν
666 837 790 923 βροτὸν
812 838 893 902 ὄντα
915 840 1047 921 νοητόν,
1162 859 1175 900 τ

181 945 272 1028 ὄφρα
294 943 339 1027 μή
363 941 507 1029 ἐγκύρσῃ
530 939 632 1027 χθονί
656 944 825 1032 δυσμόρῳ,
848 943 932 1013 ἀλλά
955 951 1081 1031 σαωθή.

117 1093 175 1169 τής
194 1086 258 1171 γάρ
281 1095 350 1150 τῶν
368 1085 457 1151 ὅλων
480 1085 612 1170 φάσεως
631 1083 663 1164 ἐξ
683 1083 845 1150 ἐναντίων
863 1087 1040 1171 δυνάμεων
1058 1111 1136 1170 τυν-

115 1192 298 1276 χανούσης,
336 1192 463 1278 ἀνάγκη
500 1190 555 1258 καλ
592 1203 631 1279 τῇ
669 1194 725 1258 διά
762 1175 898 1258 πάντων
928 1198 1136 1281 κεχωρηκυίᾳ

114 1307 207 1384 ψυχή
230 1299 288 1375 τάς
312 1297 464 1376 ἐναντίας
488 1298 687 1386 ἐφαρμόζειν
709 1297 824 1385 ἀρχάς·
848 1300 886 1364 τὸ
909 1295 972 1384 μὲν
994 1302 1058 1386 γάρ
1077 1300 1135 1365 αὐ-

114 1414 175 1490 τής
198 1405 337 1488 λογικὸν
360 1403 396 1470 ἐκ
423 1413 481 1488 τῆς
503 1406 650 1491 μονάδος
673 1444 715 1451 -
739 1403 889 1471 τουτέστι
917 1416 977 1471 τοῦ
1005 1417 1067 1473 νοῦ
1090 1444 1135 1453 -
1149 1428 1175 1468 1⁰

112 1512 154 1576 τὸ
175 1507 212 1576 δὲ
230 1513 379 1596 θυμικὸν
396 1509 452 1576 καὶ
472 1509 715 1596 ἐπιθυμητικὸν
734 1510 769 1577 ἐκ
787 1520 846 1594 τῆς
864 1512 989 1589 δυάδος
1005 1505 1135 1579 -οἷον

112 1627 175 1702 τῆς
197 1617 279 1703 ὕλης
304 1655 345 1665 -
369 1617 451 1683 ἐστί·
478 1616 542 1683 κάν
570 1620 599 1683 ελ
622 1619 658 1683 τὸ
683 1621 800 1701 λόγιον
827 1617 909 1703 ὅλην
935 1618 997 1700 τήν
1024 1619 1136 1702 ψυχήν

113 1726 237 1812 τριάδα
260 1728 360 1790 θείαν
382 1726 605 1811 παραδίδωσι·
629 1721 712 1809 φησί
735 1725 799 1810 γάρ
823 1724 841 1790 ὁ
865 1723 977 1801 αὐτός·

161 1877 308 1953 ψυχαίον
331 1873 503 1952 σπινθῆρα
526 1863 604 1931 δυσλ
627 1867 751 1951 κράσας
774 1864 945 1950 ὁμονοίαις

162 1982 210 2062 νῷ
233 1972 289 2040 καλ
311 1975 450 2060 νεύματι
473 1977 568 2061 θείῳ,
591 1971 643 2057 ἐφ’
667 1964 718 2049 οἷς
740 1976 854 2058 τρίτον
877 1971 983 2055 ἁγνὸν
1006 1975 1121 2059 ἐρωτα,
1148 1996 1175 2036 15

162 2082 360 2147 συνδετικὸν
381 2082 518 2147 πάντων
541 2080 721 2165 ἐπιβήτορα
744 2081 878 2164 σεμνόν,
901 2081 1031 2162 ἔθηκεν.

48 2233 128 2290 deest
136 2234 180 2288 Rr
210 2225 261 2289 12.
280 2227 388 2311 Κίρκη
402 2247 453 2300 τις
466 2218 509 2307 ἦν
523 2222 561 2288 ἐν
573 2203 703 2307 ἸταλίηιΙ
718 2230 765 2309 τῷ
783 2245 818 2286 τε
836 2219 926 2304 μένει
943 2223 1132 2307 περιφανής
1148 2230 1170 2283 Ρ

108 2329 171 2398 καὶ
194 2339 239 2420 τῷ
258 2333 371 2398 κάλλει
390 2333 583 2418 διαπρεπής,
606 2330 678 2412 ήτις
696 2327 751 2394 καί
772 2336 833 2395 τοῦ
849 2326 1033 2406 Ὀδυσσέως
1052 2336 1133 2395 πλα-

108 2437 270 2523 νωμένου
299 2437 337 2503 ἐν
358 2436 481 2525 Ἰταλίᾳ
511 2439 576 2502 σὺν
602 2445 648 2524 τῷ
676 2437 841 2520 Διομήδει
869 2434 1049 2522 ἐρασθεῖσα
1077 2434 1133 2502 καλ

109 2543 341 2630 συννενομένη
365 2546 471 2633 τούτῳ
495 2547 605 2609 ἔτεκεν
627 2541 659 2622 ἐξ
683 2542 788 2607 αὐτοῦ
810 2542 871 2606 τδν
893 2542 1047 2627 Αὔσονα,
1071 2545 1131 2609 τὸν
1146 2562 1172 2602 2⁰

108 2661 174 2737 τῆς
200 2654 308 2739 χώρας
334 2653 440 2737 πάσης
468 2650 505 2717 ἐν
532 2649 658 2738 ὑστέρῳ
686 2651 910 2735 κρατήσαντα,
940 2647 973 2726 ἐξ
1004 2645 1045 2715 οὗ
1077 2648 1132 2715 καί

109 2758 268 2825 Αὐσονία
290 2759 310 2843 ἡ
336 2757 485 2845 ἑσπέριος
509 2758 642 2841 ἐκλήθη.
684 2755 766 2840 αὕτη
790 2764 876 2838 γοῦν
897 2754 918 2838 ἡ
941 2758 1050 2842 Κίρκη
1075 2757 1132 2821 διά

108 2867 259 2943 κάλλους
284 2867 475 2953 ὑπερβολήν
503 2874 564 2930 τοῦ
586 2862 706 2928 Ἡλίου
735 2863 888 2949 θυγάτηρ
918 2857 1005 2928 εἶναι
1038 2861 1133 2946 ἐκόμ-

187 3040 211 3075 v.
226 3028 242 3075 2
261 3023 375 3076 Phaedo
388 3039 445 3077 non
460 3024 510 3091 est,
530 3021 615 3075 immo
629 3019 774 3073 Phaedrus
788 3017 951 3073 Platonicus
964 3037 991 3088 p.
1007 3023 1060 3072 263
1070 3036 1130 3087 sqq.

109 3099 194 3148 5-6
219 3091 270 3148 Gu.
293 3093 384 3163 Kxoll,
415 3094 450 3148 de
480 3091 602 3148 oraculis
625 3088 785 3145 Chaldaicis
816 3089 912 3160 (Bresl.
934 3089 1032 3159 philol.
1057 3089 1130 3144 Abh.

107 3163 175 3232 Vn,
192 3167 217 3234 1)
235 3183 261 3233 p.
277 3171 319 3219 τε.
411 3171 516 3218 14-16
535 3163 615 3218 Kroll
633 3163 667 3216 de
687 3178 725 3216 or.
745 3159 844 3216 chald.
858 3179 885 3229 p.
901 3161 953 3214 νο1

187 3323 211 3359 v.
227 3312 243 3359 6
259 3305 323 3396 ὄρς’
342 3305 378 3362 δν
393 3303 540 3376 (δφράνθ)
554 3305 590 3375 μὴ
606 3303 743 3375 συχκάρση
760 3302 855 3372 OM,
869 3301 900 3355 in
913 3318 1001 3371 marg.
1018 3302 1130 3356 abead.

109 3395 151 3432 m.
172 3375 237 3439 ἴσως
255 3397 342 3442 ουτως
360 3375 477 3447 ὀφείλει·
502 3375 578 3445 ὄφρα
597 3375 634 3444 μὴ
654 3373 771 3446 ἐγκάρση
790 3374 821 3428 Ε
911 3378 945 3426 14
963 3373 1084 3440 κεράσας
1103 3373 1134 3427 F

111 3452 150 3504 15
169 3447 307 3516 πνεύματι
321 3448 355 3503 ci.
364 3448 444 3502 Kroll
499 3453 514 3514 ξ
534 3454 566 3501 12
577 3474 611 3493 =
622 3446 681 3500 eod.
695 3447 758 3500 Par.
773 3463 813 3515 gr.
827 3449 896 3497 1630
907 3445 953 3514 (P)
967 3443 986 3497 f.
998 3449 1061 3496 113r
1069 3461 1130 3512 sqq.

111 3518 180 3586 περὶ
182 3519 390 3644 ἕπποδρομίον,
405 3520 439 3574 ef.
449 3519 488 3573 Le
501 3518 612 3591 Moyne‚
626 3516 715 3572 Varia
728 3532 809 3570 sacra
822 3516 844 3584 1,
859 3519 910 3569 503
983 3520 1017 3568 20
1030 3515 1080 3571 τδν
1099 3513 1131 3569 δὲ

111 3599 164 3660 τῆς

935 3674 969 3726 1⁸
