2556 3996
197 209 239 272 32
579 208 689 262 LIBER
706 209 827 262 ALTER

120 386 178 441 ΧΥ
196 371 214 437 δ
233 370 431 457 Ἀφροδίτης
454 371 472 437 δ
495 370 551 437 καὶ
566 370 738 458 Ἕσπερος,
753 373 798 449 ὡς
812 371 950 457 Ἕλλησι
968 374 1073 439 δοκεῖ·
1090 372 1201 458 Ἀφρο-

198 480 294 562 δίτην
311 474 349 543 δὲ
368 480 410 543 άν
428 502 478 555 τις
496 485 585 544 είιιοι
603 479 666 562 τὴν
683 487 744 544 τοῦ
766 480 889 556 παντὸς
912 481 1076 562 αἰσθητοῦ
1095 480 1200 564 φύσιν,

196 583 346 652 τουτέστι
370 586 435 669 τὴν
461 594 655 671 τιροοτογενῆ
682 583 782 669 ὕλην,
809 585 853 668 ἣν
879 584 934 652 καὶ
957 585 1127 672 Ἀστερίαν
1151 584 1200 651 καί

198 692 372 777 Οὐρανίαν
393 696 487 756 καλεῖ
513 693 553 756 τά
585 693 690 774 λόγια
736 691 842 777 ὁγάρ
865 690 899 770 ἓξ
923 691 1068 778 ἀριθμὸς
1093 717 1201 777 γεννη-

171 800 375 874 ετικώτατός
403 797 494 862 ἐστιν
525 798 570 874 ὡς
599 797 862 883 άρτιοπέριττος,
894 797 1040 883 μετέχων
1071 798 1126 865 καὶ
1152 809 1200 883 της

197 907 375 991 δραστικῆς
404 904 519 980 οὐσίας
545 906 628 970 κατά
655 906 715 970 τὸν
741 906 897 990 περιττὸν
928 903 984 970 καὶ
1011 915 1069 990 τῆς
1094 907 1202 990 ὑλικῆς

196 1013 279 1077 κατά
301 1013 362 1077 τὸν
384 1013 509 1096 άρτιον.
551 1011 634 1076 ὅθεν
655 1009 711 1077 καί
735 1013 767 1077 οἱ
790 1012 922 1097 ἀρχαῖοι
945 1013 1054 1096 γάμον
1075 1011 1130 1078 καὶ
1152 1012 1200 1097 άρ-

197 1121 318 1202 μονίαν
341 1117 444 1182 αὐτὸν
473 1116 645 1183 ἐκάλεσαν·
672 1127 741 1182 τῶν
767 1118 830 1202 γάρ
859 1116 924 1182 άτιὸ
942 1119 1088 1201 μονάδος
1109 1123 1201 1203 μόνος

157 1243 183 1296 x
196 1223 320 1301 τέλειός
347 1223 417 1289 ἐστι
443 1235 513 1301 τοῖς
546 1222 666 1314 ἑαυτοῦ
691 1222 818 1309 μέρεσι,
851 1226 1146 1311 συμπληρούμενος
1170 1223 1201 1288 ἐκ

158 1359 184 1396 10
197 1343 265 1396 τῶν
288 1331 413 1415 αὐτῶν,
442 1330 583 1414 ἡμίσους
609 1326 672 1414 μὲν
694 1331 843 1415 τριάδος,
873 1334 989 1416 τρίτου
1011 1327 1050 1396 δὲ
1078 1332 1200 1411 δυάδος,

126 1449 183 1504 ΧΥ
196 1438 294 1504 ἕκτου
312 1434 351 1503 δὲ
368 1439 523 1522 μονάδος.
559 1435 614 1502 καὶ
633 1436 745 1513 ἁπλῶς
765 1438 870 1503 εἰπεῖν
894 1439 1001 1524 όίρρην
1018 1451 1054 1504 τε
1076 1436 1130 1503 καὶ
1145 1445 1201 1520 θίγ

196 1551 257 1622 λυς
281 1540 367 1610 εἶναι
396 1542 559 1629 πέφυκεν,
592 1545 637 1620 ὡς
664 1542 719 1609 καὶ
747 1543 830 1628 αὐτη
853 1542 1034 1630 Ἀφροδίτη
1063 1547 1123 1628 τὴν
1146 1551 1200 1608 τοῦ

197 1654 336 1738 άρρενος
353 1654 416 1736 τήν
436 1675 471 1716 τε
488 1660 549 1716 τοῦ
567 1653 691 1735 θήλεος
709 1653 830 1735 ἔχουσα
844 1652 950 1736 φύσιν
967 1649 1023 1716 καὶ
1042 1652 1098 1716 διά
1111 1659 1199 1716 τοῦτο

157 1780 182 1832 Χ
195 1761 285 1845 παρὰ
307 1769 378 1836 τοῖς
399 1760 576 1840 θεολόγοις
599 1757 830 1844 άρρενόθηλυς
848 1756 1045 1843 καλουμένη.
1081 1756 1133 1822 καὶ
1150 1759 1200 1821 ὐλ-
1263 1767 1264 1780 ’

157 1894 183 1932 15
197 1871 254 1943 λος
278 1870 395 1951 φησίν·
421 1866 440 1931 δ
464 1865 497 1944 ἓξ
520 1865 666 1952 ἀριθμὸς
688 1867 912 1950 ψυχογονικός
940 1865 1030 1931 ε’στιν
1053 1865 1116 1931 άπὸ
1138 1862 1200 1942 ἑξά-

197 1975 256 2050 δος
287 1973 545 2057 ε’πιιιεδούμενος
576 1982 615 2058 τῇ
653 1981 713 2037 τοῦ
749 1973 873 2048 παντὸς
909 1976 1048 2059 σφαίρᾳ,
1084 1970 1137 2037 καὶ
1164 1971 1200 2034 τά
1262 1999 1263 2002 “

198 2080 332 2146 ἐναντία
354 2071 392 2144 δὲ
414 2081 707 2165 κατακεράννυσιν.
753 2080 800 2155 εἰς
827 2078 989 2164 ὁμόνοιαν
1015 2077 1072 2144 καὶ
1095 2080 1201 2163 φιλίαν

197 2190 280 2272 άγει,
303 2189 414 2252 ἔπειτα
437 2182 475 2251 δὲ
497 2187 616 2270 ὑγείαν
637 2182 700 2269 μὲν
716 2184 862 2270 ἐμποιῶν
880 2196 950 2262 τοῖς
969 2186 1107 2270 σώμασι,
1130 2202 1200 2267 συμ-
1261 2187 1262 2190 ’

197 2298 329 2379 φονίαν
352 2290 389 2359 δὲ
413 2292 449 2358 όν
472 2294 558 2380 λύρη
580 2291 636 2358 καί
663 2303 804 2379 μουσικῇ
832 2291 888 2358 καί
915 2293 1036 2379 ἀρετὴν
1063 2293 1101 2358 ἐν
1122 2299 1199 2375 ὐυχη
1260 2365 1261 2370 1

132 2488 138 2494 .
158 2429 184 2468 20
198 2398 253 2464 καὶ
272 2399 309 2464 ἐν
326 2402 421 2465 πόλει
439 2399 605 2484 εὐθηνίαν
623 2401 661 2463 ἔν
678 2422 714 2463 τε
731 2407 778 2486 τῷ
795 2397 896 2463 παντὶ
914 2401 1087 2486 πρόνοιαν.
1128 2400 1200 2464 ὅθεν

137 2535 140 2540 ’
157 2519 183 2572 Χ
196 2505 252 2572 καὶ
270 2506 410 2592 Ὀρφεὺς
432 2504 508 2593 περί
532 2504 647 2584 ἑξάδος
668 2506 772 2570 ταῦτά
795 2523 891 2589 φησι·

267 2665 294 2700 v.
313 2653 331 2700 4
348 2645 428 2699 Kroll
447 2645 482 2699 de
501 2662 540 2700 or.
560 2644 658 2699 Chald.
676 2663 704 2714 p.
725 2649 758 2698 10
767 2644 784 2699 ¹.

267 2825 292 2860 v.
312 2811 328 2859 2
347 2805 411 2874 είτιη
431 2806 463 2860 F
541 2786 790 2876 3τιατρογενῆΧ
819 2778 979 2874 ότῖῗόογενῆ
1002 2806 1075 2858 ΕΜ
1105 2779 1199 2874 afflg-

196 2885 263 2948 γενῆ
285 2877 318 2946 G,
354 2885 574 2948 κρωτιατρογενῆ
595 2877 624 2944 O,
664 2885 826 2947 τρωτογενῆ
854 2877 925 2931 DF
1007 2882 1023 2930 5
1055 2873 1198 2946 ἀρτιοπέρι-

196 2969 244 3012 τος
262 2949 298 3015 Α,
321 2968 409 3010 -ιττος
427 2965 496 3002 corr.
515 2949 543 3002 A
649 2945 754 3002 Ὶύθεν
774 2947 801 3002 οἱ
815 2949 847 3001 Χ
940 2947 1063 3004 θαύτδν
1085 2944 1198 3004 0111111)

198 3027 292 3082 9τοῑς
305 3051 342 3059 -
357 3025 388 3073 11
404 3017 528 3088 μονάδος
546 2989 649 3073 δοεαού
671 3019 701 3072 Y
793 3025 825 3071 11
856 3016 937 3073 ἕκτον
966 3017 997 3073 δὲ
1020 3019 1142 3087 μονάδος
1161 3017 1199 3070 δο-

197 3094 264 3145 sunt
278 3091 307 3144 Β
366 3096 399 3144 12
413 3087 534 3159 τιόφνκε.
553 3091 602 3145 καὶ
621 3089 673 3161 γὰρ
697 3090 746 3144 καὶ
768 3089 786 3159 ἡ
805 3088 946 3159 ἀφροδίτη
971 3088 1120 3160 (άφροτίδη
1139 3084 1200 3158 Β)Χ

198 3168 231 3216 13
242 3163 342 3231 άρενος
350 3163 399 3216 καὶ
412 3161 515 3229 θήλεος
525 3163 563 3230 Χ,
582 3161 699 3230 ἄρρενος
712 3159 764 3228 τήν
777 3180 806 3215 τε
819 3169 870 3215 τοῦ
884 3160 987 3228 θήλεος
1000 3161 1034 3215 Y.
1049 3159 1199 3214 Lambeoius

196 3233 226 3288 in
241 3233 379 3289 Godinum
391 3253 419 3304 p.
428 3238 480 3286 153
489 3250 548 3287 nro.
557 3239 604 3287 28:
620 3233 668 3287 καὶ
682 3230 735 3302 γὰρ
751 3233 799 3287 καὶ
812 3232 830 3301 ἡ
841 3230 988 3301 Ἀφροδίτη
1002 3231 1055 3301 τὴν
1068 3241 1119 3286 τοῦ
1132 3231 1199 3298 ἄρρε-

196 3326 246 3367 νος
263 3305 313 3359 καὶ
327 3303 430 3371 θήλεος
443 3303 544 3374 ἔχουσα
563 3303 648 3372 φάσιν
669 3301 1013 3372 ἀρρηνόθηλυςκαλεῖται.
1038 3303 1043 3374 Ι
1068 3304 1117 3358 καὶ
1131 3302 1199 3352 -14

196 3374 343 3447 θεολόγοις
361 3375 439 3430 omis.
459 3376 487 3428 B
578 3381 612 3428 14
630 3378 755 3429 καλεῖται
773 3375 810 3444 Β,
828 3372 985 3444 καλουμένη
1003 3374 1080 3444 ΔΥ,
1105 3373 1199 3441 reliqua

197 3446 280 3500 huius
298 3445 475 3571 Faragraphi
498 3447 599 3500 desunt
622 3447 652 3500 Y
674 3450 678 3520 Ι
701 3445 783 3508 ἄλλος
800 3447 855 3538 Δ,
868 3445 955 3508 άλλως
973 3447 1002 3499 Β
1087 3451 1120 3500 15
1139 3440 1199 3509 ἐξΒ

198 3524 231 3643 {g
247 3519 412 3660 mazzo&
436 3515 571 3586 ὁμόνοιαν
590 3518 618 3571 Β
703 3523 736 3572 18
756 3517 877 3572 ἐκκοιων
895 3518 924 3571 Β
996 3522 1032 3571 20
1049 3511 1196 3587 θηνίανδ
