2556 3996
170 161 190 226 8
546 155 655 214 LIBER
673 157 809 214 PRIMUS

128 335 154 390 X
236 323 376 410 ’Ἁγριον
398 320 458 406 ἠδὲ
482 326 637 388 Λατῖνον.

245 431 361 517 Κούρη
385 428 414 494 δ’
439 428 475 495 ἐν
498 430 694 515 μεγάροισιν
716 427 845 511 ἀγαυοῦ
868 429 1101 501 Δευκαλίωνος

245 537 414 623 Πανδώρη
437 535 498 604 Διλ
520 538 632 621 πατρί,
655 541 747 602 θεῶν
770 534 952 620 σημάντορι
974 534 1108 602 πάντων

244 641 389 730 μιχθείσ
414 641 626 728 έν-φιλότητι
649 639 721 707 τέκε
745 640 892 726 Γραικὸν
915 641 1129 725 μενεχάρμην.

237 751 287 816 14.
305 750 469 834 Ῥωμύλος
492 745 529 816 δὲ
547 751 645 827 κτίζει
664 748 726 830 τήν
740 745 866 832 Ῥώμην
884 757 923 832 τῇ
941 748 1007 832 πρὸ
1027 749 1238 820 δεκα-Βιῐμσ

142 868 245 944 εμιῦις
267 857 451 924 Καλανδῶν
475 857 607 937 Μαΐου,
634 855 776 920 κατὰτὸ
800 857 914 939 τρίτον
941 863 1000 938 τῆς
1026 851 1134 938 ἕκτης,
1163 853 1186 937 ἢ

114 978 171 1031 ΧΥ
181 966 225 1041 ὡς
243 963 350 1049 ἕτεροι
368 964 450 1028 κατὰ
472 963 509 1027 τὸ
534 961 692 1047 δεύτερον
710 970 767 1044 τῆς
786 960 919 1043 ὀγδόης·
942 959 963 1043 ἡ
982 957 1020 1026 δδ
1040 963 1108 1047 ὥρα
1126 970 1188 1044 τής

168 1074 295 1146 πόλεως
327 1071 397 1156 ὥρα
429 1066 568 1152 δευτέρα
598 1068 663 1149 πρὸ
696 1070 823 1150 τρίτης,
856 1067 900 1142 ὡς
932 1069 1135 1152 Ταρρούτιος
1167 1069 1187 1136 ὁ

128 1191 155 1244 Y
169 1178 398 1262 μαθηματικὸς
425 1172 670 1260 κατεστήριξεν,
699 1175 783 1250 Διὸς
812 1169 873 1258 μὲν
898 1175 1025 1258 λχθῦσι,
1047 1177 1189 1261 Κρόνου

128 1306 155 1345 10
169 1281 206 1350 δὲ
238 1283 307 1349 καὶ·
321 1281 520 1369 Ἀφροδίτης
552 1279 607 1346 καλ
633 1279 748 1368 ’Ἀρεος
779 1279 834 1346 καὶ
862 1280 987 1367 Ἑρμοῦ
1014 1287 1188 1371 Σαορπίῳ,

163 1391 282 1458 Ἡλίου
310 1387 347 1456 δὲ
375 1391 493 1479 Ταύρῳ
520 1387 575 1454 καὶ
599 1391 750 1476 Σελήνης
775 1393 886 1476 Ζυγρῦ·
914 1387 956 1472 <ή
984 1389 1037 1465 ὡς
1055 1387 1185 1476 ἕτεροι)

128 1496 283 1564 ΧἨλίου
305 1494 367 1581 μὲν
394 1497 522 1584 Ταύρῳ,
546 1498 698 1579 Σελήνης
721 1491 759 1560 δὲ
782 1492 963 1583 Παρθένῳ,
986 1498 1124 1581 Κρόνον
1150 1493 1185 1564 δὲ

132 1617 134 1622 ’
169 1609 278 1692 Ζυγῷ,
297 1605 382 1680 Διὸς
396 1601 434 1668 δὲ
444 1601 576 1686 Λέοντι,
587 1601 704 1687 ’Ἁρεος
720 1606 829 1685 Ζυγῷ,
843 1600 1043 1687 Ἀφροδίτης
1055 1603 1185 1690 Ταύρῳ,

162 1711 286 1797 Ἑρμοῦ
305 1714 410 1798 Κρίῳ.
441 1709 548 1795 ἀρχήν
566 1705 603 1774 δὲ
626 1708 783 1774 ἐνιαυτοῦ
807 1709 925 1774 δίδωσι
940 1708 1103 1793 Ῥωμύλος
1125 1711 1186 1775 τὸν

127 1837 153 1877 15
167 1819 322 1903 Μάρτιον
340 1819 424 1904 πρὸς
442 1818 541 1901 τιμήν
554 1815 685 1903 Ἄρεος·
714 1816 746 1895 ἐξ
766 1815 870 1884 αὐτοῦ
888 1818 953 1902 γάρ
972 1817 1076 1884 αὐτὸν
1094 1815 1186 1900 γενέ-

167 1931 248 1990 σθαι
268 1927 366 2008 λόγος
384 1973 392 1988 .
407 1974 414 1988 .
429 1974 459 1989 ..
478 1922 558 1988 δέκα
576 1927 692 2008 μόνοις
710 1927 820 2008 μησίν.

235 2029 285 2096 15.
305 2030 351 2095 Ἡ
367 2033 464 2107 δεκάς
481 2033 609 2117 πλήρης
628 2029 773 2115 ἀριθμός
797 2029 898 2112 ἐστιν,
922 2031 1006 2098 ὅθεν
1023 2029 1079 2096 καὶ
1101 2052 1184 2096 παν·
1203 2040 1232 2088 15

167 2135 275 2222 τέλεια
297 2143 455 2221 καλεῖται,
478 2138 585 2212 πάσας
607 2138 665 2213 τὰς
691 2135 781 2212 ἰδέας
803 2147 871 2202 τῶν
894 2137 1005 2202 ἄλλων
1028 2135 1185 2222 άρνδμῶν

166 2241 221 2309 καλ
244 2247 355 2326 λόγων
377 2243 433 2310 καὶ
456 2243 646 2326 ἀναλογιῶν
669 2241 724 2307 καὶ
748 2253 954 2327 συμφωνιῶν
971 2242 1185 2329 περιέχουσα·

127 2369 154 2408 20
166 2351 310 2435 γνώμων
331 2352 395 2435 γὰρ
420 2348 457 2415 έν
480 2360 550 2426 τοῖς
577 2343 675 2414 οὗσίν
702 2347 793 2414 ἐστιν
821 2348 840 2432 ἡ
869 2349 966 2424 δεκάς
992 2349 1101 2416 πάντα
1127 2373 1185 2433 χα-

167 2461 421 2544 ρακτηρίζουσα,
451 2455 506 2522 καὶ
537 2458 630 2532 λδίως
657 2456 694 2521 τὸ
724 2455 761 2522 ἐν
791 2453 914 2544 ἑκάστῳ
945 2456 1084 2541 ἄπειρον
1114 2455 1185 2540 ὁρί-

167 2567 277 2647 ζουσα,
300 2561 355 2628 καὶ
378 2563 514 2628 πάντων
543 2557 627 2630 οὖσα
651 2564 844 2645 συναγωγάς
866 2584 902 2626 τε
923 2558 979 2626 καὶ
1003 2564 1184 2646 συνακτική

166 2669 221 2736 καὶ
245 2669 477 2753 ἀποτελεστική
500 2681 568 2735 τῶν
591 2670 652 2735 ὅσα
675 2669 696 2752 ή
724 2691 758 2733 τε
785 2669 886 2752 νοητή
914 2665 1058 2754 περιέχει
1082 2669 1184 2752 φύσις

167 2778 246 2860 ήτε
272 2777 337 2844 ὑπὸ
361 2779 525 2861 Σελήνην.
572 2776 677 2852 οὕτως
704 2777 767 2860 γάρ
798 2774 879 2860 ήμῑν
905 2774 1137 2860 παραδίδωσιν
1164 2775 1183 2840 δ

129 2903 154 2943 25
169 2884 394 2971 Παρμενίδης·
422 2884 590 2970 πρώτιστα
612 2879 674 2967 μὲν
700 2885 741 2948 τά
768 2883 895 2966 νοητά,
913 2882 1052 2967 δεύτερα
1079 2882 1120 2947 τά
1146 2881 1184 2948 έν

237 3023 262 3060 v
283 3011 296 3058 1
321 3005 387 3058 Hes,
411 3005 515 3074 Theog.
539 3009 608 3058 1013
716 3009 804 3056 2-4
826 3004 892 3058 Hes
915 3004 997 3074 frgm
1022 3009 1056 3058 24
1079 3003 1182 3058 Rzach.

168 3083 201 3132 25
221 3073 413 3146 Παρμενίδης]
433 3075 466 3129 cf.
481 3075 559 3129 Diels
578 3074 799 3145 Parmenidesp.
815 3081 858 3130 96.

237 3203 261 3238 v.
283 3189 297 3236 1
318 3185 375 3238 ειδε
398 3183 425 3236 Α
510 3186 679 3274 4μιχθεῑσα
697 3182 725 3235 Α
740 3183 754 3274 Ι
780 3180 969 3272 μοινεχάρμην
991 3182 1019 3234 Β
1105 3180 1155 3234 7”
1140 3201 1182 3236 οτι

166 3255 261 3325 ήάρα
279 3263 329 3324 τῆς
351 3251 456 3324 οάμης,
481 3251 526 3308 ὅτε
549 3249 673 3324 ρωμύλος
695 3253 801 3323 ταύτην
824 3256 925 3318 κτιζειν
948 3251 1050 3320 ἤρξατο
1069 3251 1180 3322 (ἤρξατο

167 3326 267 3392 κτίζειν
288 3326 389 3396 GFG)
404 3324 512 3381 ἐοτλν”
492 3345 551 3393 ωρα
566 3322 682 3394 δευτέρα
701 3326 730 3379 Y
790 3319 985 3414 8ταύρούοιος
1001 3324 1028 3378 Β
1092 3325 1182 3386 9διδς

167 3397 270 3466 μὲν-
290 3403 322 3451 11
348 3395 463 3488 σελήνης
485 3399 556 3469 ζυγῷ
585 3395 655 3450 omis
675 3397 706 3452 X
819 3393 891 3450 11
875 3415 893 3464 η
917 3396 954 3458 ὡς
976 3392 1064 3462 ἕτερον
1085 3395 1181 3450 addidi

168 3475 200 3522 12
220 3465 299 3537 ἡλίου
318 3467 369 3536 μὲν
387 3468 528 3539 ταύρῳ-
495 3474 578 3523 -14
594 3466 678 3560 ἑρμοῦ
697 3473 765 3542 κριῷ
785 3467 864 3522 omis
889 3467 918 3520 Y
1009 3472 1042 3521 14
1062 3464 1133 3536 ἀρχή
1151 3466 1180 3522 δὲ

167 3535 331 3610 μαρτίουΧ,
351 3538 441 3610 ἀρχήν
459 3521 523 3594 δὲέ
524 3547 640 3595 νιαυτοῦ
659 3538 712 3596 δολί
