2524 3984
520 264 727 320 PRAEFATIO
1069 265 1134 321 xlx

124 433 159 492 R
180 453 210 509 p.
231 433 312 508 3,18
328 433 421 493 Trou:
434 431 501 514 περὶ
517 431 719 514 Αὐγουστείου
734 458 776 482 a
789 433 929 496 editionis
943 454 971 511 p.
984 435 1087 511 163,3.

179 543 208 598 p.
234 523 317 598 4,12
342 520 409 603 περὶ
431 519 595 602 ἀγάλματος
615 513 801 604 Ἰανουαρίοο
825 523 861 584 cf.
884 543 913 600 p.
934 525 1025 598 64,4.

181 631 212 687 p.
228 611 306 686 4,28
317 609 382 691 ττερλ
392 608 556 692 ἀγάλματος
569 619 746 691 κρατοῦντος
759 611 890 693 κιθάραν
898 634 928 690 p.
941 615 1055 686 107,17
1064 631 1132 689 app.

180 720 210 776 p.
229 701 257 774 5,
263 702 306 760 20
319 698 387 779 περὶ
400 697 565 781 ἀγάλματος
579 699 773 780 βαστάζοντος
785 701 919 781 πύργους
934 701 970 760 cf.
980 722 1009 777 p.
1024 703 1132 776 114,6.

178 809 209 866 p.
232 790 261 862 5,
273 791 314 848 24
333 787 400 868 περὶ
417 785 582 870 ἀγάλματος
601 785 688 850 arico
701 787 845 869 φέροντος
863 811 892 867 p.
913 793 986 866 116,
998 792 1040 851 20
1064 809 1132 867 app.

180 898 211 955 p.
238 879 297 953 6,4
319 876 387 960 περὶ
408 874 573 958 ἀγάλματος
596 886 649 939 τοῦ
668 870 847 959 Ἡρακλέους
868 899 896 956 p.
918 881 1044 956 120,14
1064 898 1131 956 app.

181 987 212 1043 p.
234 968 262 1041 6,
274 968 314 1026 18
334 965 401 1047 περὶ
418 963 584 1048 ἀγάλματος
597 975 746 1049 τττερτοτοῦ
764 976 817 1028 τοῦ
832 960 945 1049 Ἑρμοῦ
959 988 988 1044 p.
1006 970 1079 1043 129,
1090 970 1131 1028 15

317 1059 348 1116 et
370 1076 438 1134 app.

179 1165 209 1222 p.
236 1145 294 1220 8,3
318 1143 384 1227 περὶ
407 1143 584 1226 Αὐγούστου
607 1143 702 1224 μηνός
726 1146 762 1205 cf.
786 1166 814 1223 p.
840 1147 953 1222 150‚4.

179 1254 209 1314 p.
235 1235 337 1308 38,22
362 1232 428 1316 περὶ
451 1234 640 1316 βροομαλίαν
663 1254 692 1311 p.
718 1236 853 1312 173,18.

178 1342 208 1398 P·
235 1324 337 1400 3939
361 1321 429 1403 περὶ
451 1321 584 1403 βισέξτοο
607 1345 636 1401 p.
660 1327 764 1399 49,21
790 1343 858 1400 app.

180 1431 211 1488 p.
236 1414 316 1487 41‚1
341 1410 408 1496 περὶ
429 1409 570 1494 γενέσεως
592 1410 758 1494 ἀνθρώπου
781 1434 809 1490 p.
826 1415 917 1478 85,1.

181 1520 212 1576 p.
237 1502 341 1576 41,24
365 1498 434 1583 arpi
453 1501 614 1580 ποσότητος
635 1510 695 1562 τῶν
717 1499 895 1580 τικτομένων
917 1523 946 1579 p.
972 1503 1045 1577 137,
1057 1503 1085 1561 5.

178 1609 211 1665 p.
236 1591 288 1665 44,
299 1591 340 1649 22
363 1588 430 1672 arpi
451 1587 596 1672 πιπέρεως
619 1612 647 1668 p.
673 1593 762 1666 77,9.

178 1697 209 1754 p.
234 1680 315 1760 45,3
339 1677 406 1759 περὶ
427 1675 515 1758 ἡλίου
537 1677 588 1741 καλ
610 1677 735 1758 σελήνης
756 1701 785 1756 p.
810 1681 851 1740 53
876 1699 944 1756 app.

178 1786 208 1842 p.
233 1768 338 1842 46,10
359 1765 426 1850 περὶ
449 1778 586 1848 σκηυτῶν
609 1789 637 1846 p.
663 1771 736 1844 181,
748 1771 775 1828 6.

182 1853 321 1916 Oodioem
339 1857 366 1915 R
387 1857 452 1935 ipse
469 1858 593 1918 Parisiis
615 1858 732 1935 inspexi
755 1862 786 1924 et
807 1857 943 1934 plurimis
967 1858 1040 1918 locis
1063 1877 1132 1918 cum

101 1945 193 2006 Max.
216 1945 294 2004 Trea
316 1947 482 2021 consenti03
509 1951 674 2007 tractatum
700 1945 766 2027 κερλ
787 1946 982 2028 Βρουμαλίυν
1005 1948 1133 2006 contulit

102 2034 290 2098 Ranoisons
314 2034 443 2096 dumont
470 2039 500 2096 et
526 2036 654 2115 benigne
680 2055 796 2096 mecum
819 2035 1052 2098 communicavit
1074 2037 1132 2095 lec·

102 2123 214 2184 tiones
233 2124 349 2200 aliquas
368 2144 387 2184 a
405 2124 555 2185 Treuiana
573 2126 702 2184 editione
721 2125 926 2201 discrepantes
943 2117 985 2206 (p.
1002 2126 1042 2183 17
1046 2126 1074 2200 4,
1089 2126 1129 2183 22

102 2211 165 2274 καὶ
184 2207 279 2290 ὄνομα
294 2213 379 2291 Trou,
398 2207 461 2274 κατ’
478 2211 573 2293 ὄνομα
587 2213 729 2288 Cumont3
750 2216 791 2274 24
805 2212 927 2293 κρονίας
940 2211 1031 2285 αὐτάς
1045 2213 1132 2288 Ἔρσα,

102 2299 238 2382 κρανίας
263 2299 364 2380 ἑορτὰς
391 2301 482 2375 αὐτάς
504 2301 646 2377 Cumont3
676 2306 716 2363 29
741 2300 833 2363 αὐτόν
856 2303 947 2378 Treu,
975 2300 1051 2362 αὐτά
1075 2301 1131 2363 (iu-

99 2381 222 2470 mont),
245 2409 318 2467 quas
341 2391 374 2449 in
397 2391 559 2454 editionem
580 2393 711 2468 recipere
734 2410 794 2450 non
813 2391 957 2451 dubitavi.
999 2394 1132 2454 ceterum

102 2479 223 2541 addere
241 2479 339 2555 liceat,
357 2479 489 2540 codicem
507 2482 620 2559 optime
638 2481 782 2558 scriptum
801 2499 874 2555 esse,
896 2481 941 2539 ita
958 2483 994 2539 ut
1011 2484 1132 2558 praeter

102 2567 262 2630 scribendi
283 2568 431 2629 rationem
449 2571 598 2630 interdum
616 2571 784 2649 neglectam
802 2570 878 2628 nihil
900 2569 962 2628 fere
981 2569 1022 2629 sit
1040 2570 1145 2630 cerri·-

107 2657 254 2737 gendum.

181 2745 280 2822 Supra
314 2747 497 2824 monuimus,
534 2748 631 2824 prima
666 2747 720 2807 illa
757 2746 866 2808 codicis
898 2747 925 2806 R
961 2747 1063 2823 capita
1094 2746 1127 2806 in
1140 2756 1262 2820 Accepi

101 2834 262 2912 Lipsiensi
292 2855 411 2913 quoque
441 2837 539 2897 codice
563 2836 887 2896 Tischcndorfiano
910 2839 1031 2896 servata
1053 2855 1125 2896 esse.
1149 2811 1255 2904 iiiiii.

101 2925 165 3003 qui
180 2924 341 2984 secundum
359 2926 452 3002 ipsius
473 2925 746 2986 Tischendorfii
760 2925 990 3002 descriptionem
1004 2918 1129 3007 (Anecd.

99 3036 138 3094 p.
164 3008 223 3090 58)
245 3017 363 3073 constat
385 3035 402 3074 e
427 3018 466 3075 17
490 3015 570 3076 foliis
593 3015 838 3090 membranaceis,
868 3016 1012 3091 quattuor
1034 3015 1130 3073 diver·

98 3121 215 3164 sorum
237 3102 371 3163 codicum
396 3098 539 3186 (A—s)
563 3103 711 3181 reliquiis,
739 3105 842 3163 nostra
869 3123 939 3163 vero
968 3103 1058 3163 solius
1082 3119 1130 3162 co·

100 3192 188 3252 dicis
212 3190 240 3249 A
262 3191 395 3269 interest,
418 3193 493 3264 folia
515 3196 630 3270 septem
652 3193 769 3253 saeculo
794 3192 907 3252 decimo
932 3192 1043 3267 scripta
1063 3209 1130 3250 oon·

99 3279 247 3340 timentis.
287 3281 375 3341 huius
395 3281 503 3341 codicis
521 3282 664 3342 lectiones
684 3301 752 3342 oum
776 3281 1003 3356 consideramus,
1026 3279 1130 3338 statim

17 3359 20 3434 λ
99 3370 256 3444 videmus,
280 3389 348 3429 eum
372 3371 480 3430 codicis
503 3371 530 3429 R
553 3370 626 3431 adeo
650 3389 713 3430 esse
736 3369 872 3445 similem,
895 3371 931 3427 ut
949 3369 1003 3427 uni
1022 3367 1129 3427 eidem·

18 3449 20 3462 ’
100 3478 170 3538 que
196 3458 356 3534 archetypo
379 3462 506 3535 uterque
529 3459 725 3519 vindicandus
749 3459 803 3535 sit,
825 3458 856 3516 id
880 3457 961 3534 quod
983 3457 1130 3533 imprimis

101 3547 355 3622 corruptelarum
379 3567 525 3608 consensu
546 3549 700 3624 probatur,
724 3567 748 3604 e.
772 3567 799 3624 g.
823 3568 851 3623 p.
872 3549 955 3621 4,10
979 3547 1057 3604 Treu
1075 3565 1129 3622 pro

99 3635 259 3719 χλαμύδες
277 3636 388 3714 legitur
406 3637 437 3696 in
455 3637 483 3694 It
501 3636 598 3716 μύὸες,
623 3637 704 3714 quod
722 3636 801 3693 idem
823 3635 854 3692 in
869 3634 1129 3694 Tischendorfiano

931 3730 968 3785 b*
