2556 3996
350 212 459 266 LIBER
477 212 654 278 QUARTUS.
680 211 841 266 MARTIUS
1062 212 1104 276 97

88 379 126 444 έν
151 368 178 465 ᾧ
200 387 314 462 κρατεῖ
336 381 464 459 μᾶλλον
487 375 507 459 ἡ
532 377 680 459 σώματος
703 375 804 459 φύσις
827 384 936 459 ψυχῆς
958 399 990 440 τι
1014 381 1139 460 ίχνοςῶ

89 487 250 568 λαβοῦσα,
271 484 317 560 ὡς
333 484 396 566 τὴν
414 483 499 565 ζωὴν
517 483 579 565 την
596 482 714 565 κοινὴν
731 487 859 565 μᾶλλον
877 491 937 546 τοῦ
957 482 1107 566 σώματος

89 586 186 656 εἶναι.
223 591 331 656 πάντα
354 591 418 674 γὰρ
442 591 609 673 σωματικὰ
628 589 689 654 ὅλα
706 589 838 672 ταύτης,
860 597 919 671 τῆς
937 584 975 653 δὲ
994 586 1106 675 ἑτέρας

87 706 147 781 τῆς
175 695 236 775 ἔξω
266 696 287 780 ἡ
317 696 402 781 πρὸς
430 696 467 760 τὸ
495 696 564 760 ίίνω
593 697 682 779 φορὰ
709 693 764 759 καὶ
791 695 828 759 τὸ
856 696 960 760 καλὸν
986 693 1040 759 καὶ
1067 696 1105 761 τὸ

87 811 204 885 θείου,
236 797 285 868 ὧν
317 799 428 877 οὐδεὶς
457 812 585 886 κρατεῖ,
617 799 687 866 ἀλλ’
715 800 735 885 ἢ
765 810 985 887 προσχρῆται,
1017 799 1060 866 ἵν’
1084 794 1107 889 ᾗ
1134 828 1147 870 ε

88 909 199 976 ἐκεῖνο
221 907 276 974 καὶ
303 910 386 974 κατὰ
408 917 506 1010 τοῦχο
530 912 566 993 ζῇ
590 907 815 994 ἀναχωρήσας,
842 907 862 992 ἢ
887 910 1007 994 ἕρημος
1028 911 1107 974 ταύ-

87 1039 147 1100 της
178 1026 237 1100 της
265 1023 374 1099 ψυχῆς
401 1018 578 1098 γενόμενος
609 1019 645 1100 ζῇ
678 1014 715 1079 έν
747 1014 940 1102 εἱμαρμένῃ·
971 1014 1027 1081 καὶ
1055 1016 1107 1081 έ·

87 1130 201 1188 ταῶθα
228 1125 268 1188 τὰ
297 1123 401 1208 όίστρα
431 1120 520 1208 αὐτῷ
547 1120 588 1186 οὐ
615 1124 721 1205 μόνον
749 1127 912 1206 σημαίνει,
940 1121 1024 1188 ἀλλὰ
1051 1122 1107 1188 καὶ

87 1233 219 1313 γίνεται
249 1229 349 1306 αὐτὸς
376 1220 450 1294 οἷον
477 1227 576 1313 μέρος
602 1226 658 1292 καὶ
685 1236 731 1316 τῷ
759 1228 824 1316 ὅλῳ
849 1227 1035 1313 συνέπεται,
1065 1227 1107 1296 οὗ

86 1337 199 1423 μέρος.
237 1337 346 1412 διττὸς
363 1337 427 1421 γὰρ
446 1332 593 1410 ἕκαστος·
616 1334 635 1400 6
654 1331 716 1419 μὲν
734 1336 771 1401 τὸ
791 1339 1045 1422 συναμφότερόν
1063 1360 1106 1420 τι,
1121 1363 1148 1402 1⁰

87 1444 106 1510 6
131 1440 169 1508 δὲ
193 1442 292 1518 αὐτὸς
310 1440 364 1507 καὶ
382 1451 446 1518 πῶς
470 1442 488 1507 6
511 1443 634 1525 κόσμος
656 1438 705 1525 δὲ,
727 1441 746 1507 6
765 1438 827 1526 μὲν
844 1444 881 1507 τὸ
902 1442 937 1508 έκ
957 1445 1107 1526 σώματος

88 1548 145 1614 καὶ
169 1558 277 1634 ψυχῆς
300 1572 390 1624 τινος
413 1550 568 1631 όεθείσης
592 1549 731 1632 σώματι,
755 1548 773 1613 6
797 1545 834 1613 δὲ
856 1548 877 1632 ἡ
900 1558 961 1614 τοῦ
983 1551 1107 1626 παντὸς

87 1659 179 1742 ψυχὴ
202 1656 223 1740 ἡ
246 1657 290 1741 μη
315 1655 353 1721 έν
375 1656 512 1739 σώματι,
535 1653 747 1739 έλλοίμπουσα
770 1651 807 1720 δὲ
831 1661 906 1739 ίχνη
929 1665 968 1742 τῇ
988 1655 1025 1721 έν
1045 1657 1106 1720 σώ-

88 1789 179 1849 ματι,
203 1761 259 1828 καὶ
281 1763 375 1846 ἥλιος
398 1764 439 1845 δη
462 1761 518 1826 καὶ
540 1763 644 1828 τόίλλα
667 1763 760 1827 διττὰ
784 1762 892 1828 οὕτω.

34 1881 159 1936 deesfflr
184 1870 236 1934 39.
255 1867 327 1934 Ὅτι
350 1868 463 1952 ἐπειδὴ
482 1867 614 1933 τόδετὸ
633 1878 701 1933 πᾶν
719 1868 851 1957 ἀρρήτῳ
870 1868 968 1956 τέχνη
991 1873 1106 1935 πεποί-
1121 1894 1146 1934 15

88 1985 197 2044 κιλται
221 1977 383 2062 ἁρμονίας
408 1999 444 2041 τε
471 1982 593 2061 πλῆρες
619 1975 817 2060 εὐδαίμονός
845 1975 950 2061 ἐστιν,
978 1975 1106 2061 ἀνάγκη

90 2087 265 2168 δήπουθεν
289 2082 321 2161 ἐξ
345 2081 448 2161 ὀξέων
469 2081 526 2148 καὶ
548 2081 689 2168 βαρέων,
712 2094 891 2167 προσηνῶν
914 2107 949 2148 τε
971 2082 1026 2149 καὶ
1048 2084 1106 2148 αὐ-

90 2201 223 2277 στηρῶν
250 2192 416 2274 φθόγγων
441 2188 497 2254 καὶ
525 2189 668 2275 ῥυθμῶν
690 2187 745 2253 καὶ
775 2192 898 2273 τόνων,
929 2189 972 2256 ἵν’
1001 2190 1106 2268 οὕτως

90 2304 183 2380 είιιω,
207 2299 440 2381 συνηρμόσθαι
462 2297 524 2379 την
547 2296 660 2379 φύσιν.

36 2413 160 2470 RrHI27
185 2402 238 2466 40.
253 2401 325 2468 Ὅτι
349 2405 381 2468 ολ
403 2400 539 2469 παλαιοὶ
562 2405 643 2486 μετὰ
665 2404 822 2486 τελευτὴν
841 2406 954 2470 έκαιον
972 2405 1012 2468 τό
1032 2404 1094 2469 σῶ-
1109 2412 1159 2466 YS

89 2534 188 2596 ματα,
216 2517 505 2585 συναποθεοῦντες
534 2510 642 2595 ὥσπερ
670 2519 709 2596 τῇ
737 2519 826 2595 ψυχῇ
854 2508 909 2575 καὶ
936 2512 973 2576 τὸ
1000 2523 1105 2596 σῶμα·
1120 2538 1145 2576 21

89 2618 242 2701 καθάπερ
267 2618 330 2701 γὰρ
354 2615 461 2700 ἐκείνη
485 2617 643 2701 πυρώδης
670 2617 731 2699 την
754 2617 860 2700 φύσιν
882 2615 937 2682 καὶ
960 2619 1044 2701 πρὸς
1066 2621 1140 2684 τὰὸ

91 2726 160 2790 ἅνω
186 2724 386 2806 σπεύδουσα,
414 2722 500 2787 οὕτω
525 2725 612 2808 βαρὺ
639 2723 676 2787 τὸ
704 2734 797 2806 σῶμα
819 2721 874 2788 καὶ
897 2726 1028 2810 ψυχρὸν
1050 2724 1106 2790 καὶ

89 2833 175 2916 πρὸς
206 2832 246 2895 τόι
277 2831 364 2894 κάτω
397 2828 507 2915 ῥέπον.
553 2827 694 2894 ἐδόκουν
725 2833 843 2894 τοίνυν
873 2827 928 2894 καὶ
958 2831 1038 2896 αὐτὸ
1068 2834 1105 2896 τὸ

91 2939 233 3003 εἴδωλον
256 2935 470 3021 ἐκκαθαίρειν
497 2944 557 3000 τοῦ
586 2937 734 3020 σώματος
762 2945 801 3021 τῇ
824 2946 885 3001 τοῦ
907 2938 1012 3022 πυρὸς
1036 2937 1106 3020 ἁγι-
1120 2963 1146 3004 25

90 3047 195 3130 στείηι·
225 3042 266 3107 οὐ
288 3044 352 3126 γὰρ
375 3041 504 3126 ἀληθὴς
527 3041 545 3106 6
569 3044 668 3124 λόγος
691 3042 709 3107 6
731 3043 814 3106 κατὰ
836 3043 897 3106 τὸν
913 3040 1107 3127 Ἀναξίμαν-

162 3201 186 3236 v.
207 3186 241 3234 26
260 3179 481 3236 Anaximander:
506 3196 542 3234 an
564 3181 659 3250 potius
682 3179 861 3235 Heraclitus?
894 3179 928 3234 ef.
949 3179 1027 3235 Diels
1050 3183 1105 3237 Do-

90 3269 167 3324 xogr.
187 3269 229 3322 gr.
245 3257 312 3306 28³·
327 3258 360 3306 16

161 3382 218 3431 v.3
238 3373 300 3448 ὅλα]
320 3374 371 3430 ὅσα
390 3376 462 3431 Plot.
548 3381 564 3429 8
584 3377 632 3430 καὶ
654 3374 732 3429 omis.
752 3374 823 3430 Plot.
911 3381 943 3429 12
963 3377 1059 3440 δεθείς
1077 3379 1104 3447 S,

90 3447 222 3518 όεθείσης
242 3447 348 3502 correxi
368 3449 404 3502 ad
422 3447 527 3502 Plotini
551 3446 679 3501 codicum
698 3446 849 3501 lectionem
931 3453 965 3500 14
982 3447 1017 3502 τὰ
1036 3448 1105 3504 ἄλλα

90 3520 162 3575 Plot.
237 3525 271 3574 20
291 3517 334 3573 ότι
351 3519 387 3573 τὰ
405 3529 460 3574 τῶν
479 3529 584 3587 νεκρῶν
603 3520 715 3588 σώματα
730 3518 825 3574 ἔκαιον
840 3519 867 3572 οἱ
881 3521 998 3574 παλαιοί
1012 3522 1104 3588 συνεξ-

90 3595 274 3659 αιθεροῶντες
293 3590 365 3645 αὐτὰ
383 3599 416 3661 τη
435 3599 511 3662 ψυχῇ
536 3591 564 3644 Y

144 3692 228 3732 mus
243 3691 276 3732 od.
291 3691 441 3732 Wuonsch.
704 3681 707 3687 ’
930 3686 944 3733 ’ί
