2524 3984
163 185 237 242 Lxx
568 183 773 240 PRAEFATIO

162 353 359 414 demonstrari
382 356 482 414 autem
504 353 623 438 videtur
644 353 691 412 his
710 351 896 426 lectionibus,
920 370 988 412 suas
1007 313 1175 412 cofficemT

162 442 304 504 lectiones
326 443 436 503 habere
458 443 610 520 proprias,
633 461 651 501 a
673 441 836 501 Barberino
860 441 1004 501 diversas:
1032 460 1098 501 cum
1118 441 1178 502 hac

161 532 360 607 reconvenit,
387 531 467 609 quod
485 532 616 607 titulum,
640 550 728 608 quem
747 529 866 590 exhibet
884 530 917 605 T,
940 526 973 589 ἐκ
995 537 1054 590 τῶν
1076 532 1176 590 Κλαυ-

162 619 228 681 δίου
250 619 384 682 Τούσκου
408 617 606 702 ἐφημερίδων,
628 622 661 680 in
679 620 707 679 A
730 637 869 697 graecum
889 619 1019 695 reperire
1042 638 1101 679 non
1122 638 1176 695 po-

160 711 233 785 tuit,
260 709 391 770 latinum
412 729 497 784 voro,
525 710 577 786 qui
599 709 642 768 ibi
670 708 793 787 legitur,
820 707 979 767 recentiori
1006 708 1101 768 aetati
1122 707 1176 766 tri·
1243 761 1244 780 ,

160 797 310 858 buondum
333 817 396 859 esse
418 801 530 875 putem,
554 816 644 874 quam
668 797 704 872 ei,
728 815 789 873 qua
812 796 995 873 conscriptus
1019 798 1064 856 est
1086 796 1176 856 codex

161 886 194 945 Τ.
241 905 333 963 quare
358 886 674 964 Gryptoferratensem,
701 886 776 945 alias
799 885 964 945 Barbarino
986 885 1175 961 persimilem,

160 993 221 1034 non
248 994 284 1034 ex
310 975 376 1052 ipso
403 976 431 1035 A
457 976 576 1036 firmisse
603 975 793 1050 contendam,
826 974 878 1035 sed
905 994 940 1034 ex
966 973 1049 1034 illius
1077 975 1176 1034 archa

160 1066 234 1139 typo
257 1063 292 1122 X.

228 1153 273 1211 Ex
295 1152 332 1212 iis
356 1154 465 1228 autem,
488 1171 565 1229 quae
587 1152 675 1212 modo
698 1151 834 1228 exposui,
862 1152 998 1228 sequitur
1019 1151 1110 1212 huius
1131 1172 1176 1211 re-

162 1240 307 1300 censionis
331 1240 445 1302 codioes
468 1241 513 1300 ita
535 1240 717 1301 adhibendos
741 1259 818 1316 esse,
845 1243 880 1300 ut
902 1241 1009 1301 ducem
1031 1241 1176 1318 eligamus

161 1328 358 1388 Barbarinum
380 1349 454 1391 neve
477 1330 571 1390 alium
593 1331 786 1406 respiciamus
810 1329 869 1390 nisi
894 1349 954 1406 quo
976 1329 1042 1390 looo
1066 1349 1176 1390 correc-

161 1419 246 1478 turae
274 1418 421 1494 quasdam
448 1437 466 1478 a
493 1438 564 1479 vero
594 1419 675 1479 haud
705 1418 877 1478 aberrantes
906 1422 1115 1495 proponantur
1140 1418 1175 1478 ab

161 1505 241 1586 A,B.
286 1506 318 1566 in
341 1506 439 1583 capito
462 1526 542 1582 vero,
565 1508 645 1584 quod
672 1507 708 1566 de
731 1507 794 1566 Nili
824 1507 1006 1568 incremento
1031 1508 1176 1584 conscrip-

160 1597 226 1654 tum
248 1598 302 1672 est,
329 1596 570 1672 perpendendum
592 1596 677 1656 uobis
702 1596 759 1656 erit
781 1595 813 1656 in
835 1615 1016 1673 unaquaque
1038 1596 1174 1669 lectione,

160 1687 261 1742 utrum
284 1683 321 1743 ab
340 1685 369 1744 A
392 1703 431 1744 an
450 1703 468 1744 a
487 1685 511 1743 T
534 1685 653 1763 integra
676 1688 794 1746 servata
818 1684 879 1745 sint
896 1685 1053 1746 Laurentii
1074 1685 1175 1757 verba,

160 1792 256 1850 nsque
280 1773 361 1850 quod
381 1773 413 1832 in
436 1774 533 1832 lucem
554 1793 615 1835 non
637 1773 789 1834 redierunt
812 1774 986 1852 apographa
1013 1774 1069 1834 illa
1092 1774 1174 1833 Alla-
1245 1759 1246 1798 ³

161 1861 277 1920 tionum
299 1861 500 1922 Marinianum
522 1861 755 1922 Lambocianum
775 1863 927 1923 Iulianum
949 1862 1124 1923 dolebimus

32 1961 151 2002 0··0nai.
231 1950 296 2012 Iam
320 1969 368 2027 ea,
397 1969 473 2027 quae
500 1951 536 2012 ds
560 1951 708 2012 codicibus
736 1952 923 2029 expositurus
950 1970 1044 2026 eram,
1073 1952 1177 2028 quibus

162 2040 330 2117 fragmenta
344 2039 474 2116 Lydiani
492 2040 528 2100 de
547 2041 697 2100 mensibus
710 2041 781 2100 libri
797 2043 917 2102 servata
935 2043 1013 2115 sunt,
1031 2039 1071 2100 ad
1089 2041 1176 2100 finam

161 2129 298 2206 perduxi,
326 2128 444 2189 brevius
467 2129 499 2190 id
527 2131 607 2206 quod
636 2129 771 2207 sequitur
794 2133 884 2208 caput
906 2130 964 2190 orit
986 2129 1022 2188 de
1045 2130 1174 2190 editio·

162 2217 276 2277 nibus.
321 2238 417 2294 neque
437 2221 483 2277 est
505 2237 557 2277 cur
578 2237 694 2280 moram
715 2219 861 2280 faciamus
883 2218 916 2278 in
936 2218 1045 2279 Leonis
1068 2217 1177 2279 Allatii
1246 2243 1247 2278 ς

163 2309 193 2364 ct
210 2305 331 2384 Iosephi
348 2307 384 2367 de
402 2306 496 2383 Iuliis,
521 2326 595 2384 quos
612 2309 701 2368 modo
719 2307 1022 2382 commemoravimus,
1045 2307 1175 2368 consiliis

162 2395 232 2454 libri
255 2396 291 2454 de
314 2395 463 2456 mensibus
488 2395 603 2471 edendi,
628 2397 769 2474 quoniam
792 2396 831 2458 ad
853 2396 972 2458 irritum
995 2396 1174 2468 oeciderunt,

161 2485 252 2543 immo
277 2484 380 2544 statim
402 2487 589 2546 transeamus
612 2485 650 2544 ad
673 2505 750 2560 sum,
773 2485 855 2546 ouius
878 2485 1003 2544 schedas
1023 2484 1173 2562 Lydianae

56 2578 144 2660 45⁸⁰·
166 2572 281 2650 primae
316 2572 348 2631 in
384 2572 480 2634 lucam
516 2573 706 2651 prodierunt,
742 2573 934 2634 Nicolaum
971 2572 1174 2634 Schowinm

166 2661 249 2720 cuius
273 2661 411 2722 editionis
434 2663 499 2721 fata
526 2662 552 2720 si
573 2681 746 2739 pernoscere
773 2663 861 2738 velis,
888 2662 975 2722 Hasii
998 2667 1174 2723 commenta-

163 2750 241 2808 rium
264 2749 354 2809 adeas
378 2768 497 2826 quaeso,
520 2751 625 2826 quiea
645 2750 738 2810 l'nsius
757 2751 892 2811 narravit
913 2772 942 2829 p.
960 2751 1015 2810 LV
1024 2769 1103 2830 sqq.;
1127 2750 1173 2811 ad·

162 2839 252 2898 bibiti
279 2842 380 2898 autem
407 2841 493 2898 erant
520 2857 538 2898 a
566 2839 701 2900 Schowio
731 2838 822 2899 codex
848 2839 1028 2900 Barbarinus
1056 2841 1174 2918 eiusque

162 2927 369 3006 apographum
396 2927 610 3003 Marinianum,
643 2931 673 2988 et
704 2927 882 2988 recensionis
909 2928 1080 2989 Planudeae
1108 2929 1173 2988 Vat.

161 3016 324 3076 Pal.141:
351 3015 505 3092 utriusque
532 3035 603 3076 vero
631 3017 810 3078 recensionis
837 3016 1020 3096 paragraphi
1046 3018 1173 3078 interae

163 3105 315 3165 conciliari
338 3107 459 3182 coeptae
483 3107 582 3177 orant,
609 3106 662 3166 sed
682 3105 890 3183 imperfectum
913 3124 986 3182 opus
1014 3105 1173 3182 reliquerat

163 3194 268 3270 editor,
283 3194 392 3272 quippe
407 3195 458 3272 qui
472 3195 643 3274 fragmenta
655 3195 725 3254 libri
740 3195 841 3272 quarti
853 3215 906 3272 per
921 3193 1050 3254 codicem
1064 3193 1173 3254 Palati-

163 3304 235 3344 num
248 3287 367 3346 servata
380 3284 412 3344 in
425 3283 483 3344 fine
497 3285 567 3346 libri
581 3285 663 3346 tertii
678 3284 727 3344 edi
739 3284 873 3344 iussisset
886 3303 982 3360 neque
996 3283 1172 3360 composuis-

163 3376 209 3431 set
227 3391 293 3431 cum
307 3372 441 3432 codicum
453 3374 481 3432 X
494 3374 571 3433 libro
587 3377 702 3451 quarto.
736 3371 922 3447 lectionibus,
941 3390 1017 3449 quae
1032 3375 1086 3431 aut
1099 3373 1172 3450 ipso·

162 3481 229 3519 rum
244 3461 378 3522 codicum
391 3461 506 3520 incuria
520 3466 676 3538 corruptae
691 3465 744 3522 aut
761 3462 894 3522 virorum
909 3461 1064 3522 doctorum
1080 3476 1171 3521 errore

164 3552 250 3608 erant
272 3550 463 3626 depravatae,
485 3549 597 3608 mederi
620 3551 747 3626 studuit;
772 3551 878 3627 quibus
896 3550 1018 3610 medelis
1037 3551 1088 3610 ubi
1107 3564 1172 3608 usus
