2556 3996
128 212 171 277 60
492 211 602 265 LIBER
619 209 774 265 TERTIUS

87 385 113 438 H
128 376 220 461 ριύν.
248 373 385 459 Ἕλλησι
400 371 438 439 δὶ
453 374 569 451 οὕτως·
585 372 1053 460 ΓορπιαῖοςὛπερβερεταῖος
1062 378 1155 449 Δῖος

122 480 315 558 Ἀπελλαῖος
333 481 524 557 Αὐδοναῖος
542 483 699 567 Περίτιος
717 479 872 566 Δύστρος
890 477 1060 556 Ξανθικὸς
1072 477 1153 566 Ἀρ-

127 592 272 673 τεμίσιος
289 591 431 665 Δαίσιος
454 589 610 671 Πάνεμος
630 591 733 664 Λῦος.
775 585 943 673 Ἑβραίοις
966 583 1004 651 δὲ
1027 586 1153 663 οὕτως·

130 694 231 781 Θεσρὶ
268 696 517 782 Μαρχεσουβδιν
552 689 706 766 Χασελὶθ
749 689 856 777 Τεβὶδ
892 696 1014 778 Σαφάτ
1045 692 1153 780 Ἀδοὶρ

101 804 241 867 ῡΝισδιν
266 799 334 886 Ἰὰρ
365 801 476 885 Σιβὰν
508 803 644 884 Θαμοῦς
667 798 748 885 Ἀδιβ
773 798 902 865 Ἐλούλ.
949 802 1155 882 Αἰγυπτίοις

128 905 166 974 δί
190 909 307 984 οὕτως·
333 909 415 972 &obp
441 905 562 990 Φαωφὶ
580 904 687 991 Ἀθύρ
711 908 815 972 Χοιοὶκ
843 904 926 990 Τυβὶ
947 905 1059 993 Μεχὶρ
1080 911 1154 972 Φα-

128 1016 244 1100 μενὼθ
265 1011 446 1099 Φαρμουθὶ
468 1014 594 1097 Παχίον
613 1011 726 1078 Παύνὶ
744 1011 860 1097 Ἠτιφὶ
884 1017 1032 1098 Μεσωρί.
1073 1013 1153 1078 Ῥω-

129 1125 239 1206 μαίοις
267 1117 304 1186 δὲ
333 1120 450 1196 οὕτως·
484 1119 712 1206 Σεπτίμβριος
734 1118 930 1206 Ὀκτύβριος
957 1119 1153 1207 Νοέμβριος

129 1225 335 1314 Δεκέμβριος
353 1225 560 1313 Ἰανουάριος
586 1227 815 1313 Φεβρουάριος
833 1228 986 1313 Μάρτιος
1005 1226 1151 1314 Ἀπρίλ-

89 1350 115 1390 10
129 1339 201 1410 λιος
232 1335 344 1410 Μάῖος
369 1332 510 1410 Ἰούνιος
537 1332 678 1409 Ἰούλιος
713 1333 918 1416 Αὔγουστος.
962 1333 1050 1398 οὕτω
1087 1331 1153 1418 μὶν

63 1449 114 1502 Hs
130 1435 193 1505 οὖν
210 1442 251 1505 τδι
269 1452 336 1505 τῶν
350 1452 465 1525 μηνῶν
482 1442 571 1526 παρὰ
590 1450 660 1516 τοῖς
678 1442 816 1504 ἔθνεσιν
834 1442 911 1523 ἔχει,
930 1440 963 1504 οἰ
981 1436 1019 1504 δὲ
1037 1443 1151 1523 Βαβυ-

130 1548 245 1612 λώνιοι
276 1545 332 1612 καὶ
365 1547 546 1631 Αἰγύπτιοι
583 1546 689 1632 ἀρχὴν
726 1545 882 1611 ἐνιαυτοῦ
918 1547 980 1630 τὴν
1012 1546 1152 1632 ἐαρινὴν

130 1655 294 1740 ὡρίσαντο
327 1656 467 1739 τροπήν,
501 1655 610 1738 ὥσπερ
642 1653 706 1718 άπὸ
737 1659 882 1737 κεφαλῆς
913 1654 974 1736 τὴν
1002 1652 1039 1718 ἐν
1065 1663 1151 1740 κριῷ

131 1762 305 1846 ἰσημερίαν
327 1762 553 1846 λαμβάνοντες
575 1762 632 1826 διδι
659 1762 696 1825 τὸ
724 1769 834 1825 πᾶσαν
862 1759 968 1847 ἐντῷ
991 1762 1065 1844 ἔαρι
1087 1761 1153 1843 τὴν

91 1887 117 1927 15
131 1868 295 1951 αἰσθητὴν
322 1867 428 1950 φύσιν
460 1867 630 1946 αὔξεσθαι.
667 1865 826 1951 Ἕλληνες
858 1862 895 1931 δὶ
922 1867 984 1950 την
1013 1868 1151 1951 πρώτην

131 1983 191 2040 τοῦ
220 1978 381 2061 καρκίνον
411 1984 547 2060 μοῖραν,
580 1975 624 2050 ὡς
657 1975 699 2038 άν
730 1997 780 2049 τις
811 1978 913 2056 εἰποι,
945 1974 1007 2057 τὴν
1034 1975 1152 2039 εἰκάδα

130 2085 247 2168 τρίτην
266 2090 327 2147 τοῦ
341 2080 488 2146 Ἰουνίου
506 2082 619 2165 μηνὸς,
644 2081 691 2156 εἰς
709 2079 815 2166 ἀρχὴν
838 2082 934 2156 ἔτους
951 2080 1152 2165 παρέδοσαν.

131 2188 216 2255 ἀλλὰ
229 2189 361 2264 τούτοις
378 2184 440 2272 μὶν
458 2185 513 2252 καὶ
531 2198 602 2262 τοῖς
621 2189 735 2262 άλλοις
752 2187 876 2252 ἅπασιν
895 2189 1010 2251 ἔθνεσι
1027 2192 1086 2271 μία
1100 2212 1152 2264 τις

132 2296 331 2380 ἐφυλάττετο
359 2303 420 2359 τοῦ
448 2292 605 2358 ἐνιαυτοῦ
631 2295 791 2379 καταρχη,
821 2303 891 2369 τοῖς
919 2289 957 2358 δί
979 2293 1153 2379 Ῥωμαίοις
1276 2371 1277 2376 ¹

36 2416 117 2470 YHS
132 2412 233 2488 τρεῖς·
248 2405 306 2486 μία
320 2397 383 2486 μὶν
398 2402 555 2486 ὶερατική,
570 2398 664 2486 ἑτέρα
674 2397 711 2465 δὲ
724 2401 873 2486 πάτριος,
887 2398 907 2483 ἡ
919 2397 956 2464 δὶ
972 2402 1054 2485 άλλη
1069 2413 1207 2484 RrIIL15

202 2612 227 2648 v.
243 2600 257 2647 1
278 2594 493 2664 ῦπερβορεταῖος
511 2592 547 2646 H
622 2598 638 2646 2
657 2592 794 2657 ξανθικὸς
814 2593 931 2661 δύστρος
948 2593 984 2646 Η
1059 2599 1077 2646 4
1094 2595 1151 2649 He-

131 2667 280 2720 braeorum
294 2663 409 2717 nomina
422 2681 479 2718 non
492 2662 604 2719 restitui
663 2665 782 2732 ῦφαώθ
795 2663 847 2733 ΗΙ
863 2664 962 2734 μαχείρ
976 2663 1011 2717 Η
1064 2670 1151 2735 ῖφα-

132 2737 209 2806 μοῦθ
222 2735 257 2789 Η
270 2737 274 2804 Ι
290 2735 384 2804 μεσορὶ
398 2735 433 2788 H
498 2741 513 2789 8
527 2733 643 2790 nomina
656 2734 795 2788 mensium
809 2735 999 2789 Romanorum
1012 2752 1062 2804 per
1076 2754 1151 2791 com·

131 2807 236 2878 pendia
255 2805 360 2876 scripta
378 2808 444 2860 sunt
462 2806 498 2860 H
517 2817 521 2826 ”
569 2812 599 2859 11
620 2803 663 2860 ὅτι
677 2808 851 2878 Βαβυλώνιοι
870 2804 920 2875 μὲν
939 2807 987 2860 καὶ
1006 2807 1150 2878 αἰηύπτιοι

131 2884 214 2931 -17
233 2875 396 2946 παρέδοσαν
419 2877 441 2932 S
548 2883 581 2930 13
601 2876 745 2945 ὥσπερ-
766 2882 799 2931 14
818 2876 1007 2948 λαμβάνοντες
1030 2879 1109 2934 omis.
1130 2880 1152 2935 S

133 2957 167 3004 14
181 2943 227 3019 ἦρι
241 2949 265 3004 S
335 2954 368 3002 16
383 2957 433 3002 τοῦ
447 2945 583 3017 καρκίνον
592 2981 628 2988 -
637 2967 664 3018 p.
676 2954 742 3017 61,7
758 2949 920 3003 ἰνδικτιῶνα
934 2951 1049 3004 καλοῦσι
1062 2950 1150 3005 Muti-

130 3021 226 3075 nensis
240 3035 352 3089 quoque
367 3019 454 3073 codex
468 3019 584 3073 exhibet
597 3035 715 3090 graecus
729 3025 764 3072 34
841 3017 867 3072 A
881 3023 925 3090 20)
942 3023 946 3090 Ι
962 3021 1082 3083 ass-1⁷
1098 3043 1149 3092 μη-

132 3093 181 3156 νὸς
199 3091 277 3147 οτιύε.
292 3092 328 3144 Η
397 3095 431 3144 18
451 3089 494 3144 ὅτι
511 3099 571 3153 τοῖς
593 3089 644 3159 μὲν
667 3090 760 3152 ἄλλοις
819 3107 896 3145 νεσιν
919 3089 969 3159 μιά
983 3123 1018 3131 -
1032 3111 1058 3162 p.
1075 3100 1148 3163 61,7

131 3165 294 3220 ἰνδιιιτιῶνα
313 3166 445 3217 καλοῦσιν
462 3162 483 3217 ὁ·
498 3163 502 3230 Ι
518 3170 568 3216 τοῦ
586 3161 704 3216 omis.S
774 3167 808 3214 20
827 3163 860 3215 X
874 3161 959 3216 huius
977 3163 1150 3235 paragraphi

131 3235 212 3289 nulla
233 3235 320 3288 verba
344 3232 465 3287 servavit
486 3232 543 3286 nisi
566 3234 713 3302 ματρώνας
733 3231 785 3295 τὰς
810 3231 956 3303 εὐμενίδας
980 3237 1150 3306 (p.61,19).

132 3308 294 3361 ἰνδικτιῶνα
313 3303 364 3373 μὲν
378 3301 430 3359 οῦν
444 3303 472 3359 οἰ
486 3300 605 3374 βαμαῖοι
618 3303 706 3373 τομὴν
722 3302 897 3359 ἐνιαυσιαίου
910 3304 1013 3359 κύκλον
1026 3305 1152 3375 πατρίως

132 3380 265 3432 καλοῦσιν
283 3379 320 3448 (p.
336 3382 378 3445 61,
394 3379 428 3446 ἰ).
471 3376 500 3430 Y
514 3374 617 3445 incipit
636 3373 678 3428 ὅτι
693 3384 768 3444 τρεῖς
781 3374 870 3446 ἀρχὰς
883 3369 953 3447 ἦγον
967 3371 1087 3445 βαμαῖοι
1100 3387 1151 3433 τοῦ

132 3448 274 3503 ἐνιαυτοῦ·
297 3445 364 3516 μίαν
383 3445 434 3516 μὶν
452 3447 477 3501 ὶε
496 3447 596 3516 ατικὴν
615 3445 687 3502 κατὰ
704 3446 754 3502 τὸν
774 3445 957 3516 ἰαννονάριον
975 3447 1152 3542 αύξαμούσης

132 3518 187 3588 ἤδη
206 3528 255 3589 τῆς
272 3517 389 3588 ἡμέρας,
409 3467 543 3587 δευτίραν
562 3517 593 3573 δὲ
616 3517 667 3586 τὴν
689 3526 740 3573 τοῦ
762 3515 881 3588 μαρτίου
898 3519 1020 3588 πρώτην,
1041 3541 1078 3589 ην
1096 3540 1151 3577 πα-

132 3610 212 3660 τριον
230 3585 323 3666 εἰχον,
342 3587 413 3644 καθ’
434 3587 470 3658 ἣν
492 3590 541 3643 καὶ
563 3589 599 3644 τοὶ
623 3587 694 3644 ἰπλα
713 3589 781 3653 ἰδος
801 3591 897 3654 αὐτοῖς
919 3599 1021 3646 κινεῖν·
1045 3594 1097 3664 τὴν
1119 3593 1152 3650 δὲ
