2530 3988
350 189 458 244 LIBER
477 188 654 255 QUARTUS.
682 188 807 244 IUNIUS
1023 187 1086 252 137

81 360 123 440 τῷ
143 355 353 441 Καπετωλίῳ,
374 353 510 418 πάντων
533 351 618 436 ὁμοῦ
636 350 804 436 Ῥωμαίων
826 350 949 427 ύδατος
972 349 1005 429 ἐξ
1030 349 1087 416 ἕω·
1101 363 1158 417 ΧΗ

15 463 16 474 ’
80 465 171 544 δινῆς
206 457 463 543 ἀπογενομένων
499 467 631 544 ψυχροῦ
667 459 752 544 πρὸς
793 458 946 542 φυλακήν
982 460 1087 524 νόσου

14 563 16 632 ἕ
78 569 229 643 παντοίας
250 564 307 630 καὶ
330 566 557 651 διαφερόντως
579 566 797 648 ποδαλγικής,
824 564 869 640 ὡς
896 563 914 628 6
943 565 1127 649 χρησμὸςΧ

14 711 15 720 1
79 671 237 755 ἐβούλετο,
255 670 413 750 καλῶστε
432 673 476 756 μή
495 672 659 755 διδύμους
676 669 696 754 ή
715 671 910 756 τερατώδεις
928 669 1088 753 γενέσθαι

14 855 15 868 ¹
78 781 151 856 τοὺς
172 779 336 856 τοκετούς.
381 774 463 862 ήδέ
490 778 626 862 τοιαύτη
651 780 815 862 συνήθεια
838 775 891 844 ἐπὶ
910 775 1089 863 Ἀδριανοῦ
1103 787 1153 842 XS

76 887 308 970 εἰσενήνεκται,
340 884 551 970 πεμφθείσης
582 885 741 968 γυναικὸς
772 885 817 960 ὡς
849 883 952 949 αὐτὸν
981 885 1087 967 Αῖγυ-
1114 911 1128 950 ι

76 995 182 1077 ιιτίας,
213 992 234 1074 ἣ
263 991 423 1076 ἀφηγεῖτο
450 989 629 1076 τέσσαρσιν
650 989 787 1076 ἡμέραις
814 993 896 1056 κατὰ
925 991 1088 1076 διάστημα

76 1099 191 1164 ἀνισον
212 1097 355 1184 τέσσαρα
377 1109 500 1181 τεκεῖν,
527 1099 607 1182 μετὰ
630 1092 668 1162 δὲ
693 1098 939 1183 τεσσαράκοντα
965 1096 1088 1184 ἡμέρας

74 1205 110 1268 τὸ
133 1203 291 1290 πέμπτον,
317 1206 400 1270 κατά
423 1205 483 1269 τὸν
501 1201 743 1290 Ἀριστοτέλην,
771 1204 807 1280 ὅς
830 1221 935 1288 φησιν
958 1203 995 1269 ἐν
1017 1203 1088 1270 τέσ-

74 1327 170 1396 σαρσι
201 1321 346 1388 τοκετοῖς
379 1317 483 1376 εἴκοσι
515 1316 699 1394 κνηδῆναι·
732 1319 831 1375 τοῦτο
864 1307 904 1374 δέ
934 1327 1039 1394 φησιν
1070 1310 1121 1376 6S

70 1415 284 1502 Ἡρακλείδης
307 1420 515 1501 συμβαίνειν,
538 1416 619 1482 ὅταν
642 1415 875 1500 ἐξακοντισμὸς
898 1414 950 1492 δὶς
972 1415 993 1500 ή
1017 1415 1088 1502 τρὶς
1102 1444 1127 1482 11

73 1523 136 1590 ἀπὸ
166 1523 356 1610 ἐγκρατείας
384 1521 453 1589 κατ’
481 1523 740 1607 ἀναστομώσεως
770 1523 951 1610 εύστοχήση
982 1522 1002 1606 ή
1032 1520 1087 1589 καὶ

72 1639 128 1714 τῆς
155 1633 280 1717 μήτρας
310 1630 564 1714 ε’πανοιχθείσης
593 1632 673 1714 μετδι
702 1631 764 1713 τήν
796 1629 962 1716 προτέραν
987 1629 1088 1713 πῆξιν

72 1739 154 1804 κατά
176 1747 339 1803 τοσοῦτον
361 1735 438 1802 καθ’
463 1738 544 1802 ὅσον
567 1736 585 1802 6
608 1738 740 1813 τοκετὸς
762 1735 949 1822 ἀρνῦμοῖτο.
996 1735 1047 1801 ὅτι
1070 1734 1153 1801 6XS

67 1841 207 1921 Ἰούνιος
230 1844 297 1928 μήν
320 1843 547 1928 ἀνεπιτήδειος
569 1843 653 1928 πρὸς
675 1844 816 1927 γάμους,
844 1844 889 1920 ὡς
911 1845 952 1908 τά
974 1845 1088 1926 βιβλία
1102 1852 1153 1905 HS

71 1962 139 2017 τῶν
160 1952 250 2036 παρὰ
269 1949 439 2034 Ῥωμαίοις
463 1947 580 2035 λερίων
607 1947 708 2032 λέγει·
736 1948 865 2032 ἀληθής
888 1945 925 2013 δὲ
948 1948 966 2014 6
990 1950 1088 2031 λόγος
1104 1975 1129 2015 ιο

70 2057 125 2124 καὶ
148 2057 277 2141 ἀνάγκη
299 2065 398 2141 πᾶσα,
426 2057 508 2121 κατὰ
530 2057 607 2120 τόδε
632 2065 752 2141 καιροῦ
774 2057 954 2139 γινόμενον
977 2072 1090 2120 συνοι-

70 2165 184 2232 κέσιον
212 2163 272 2228 τὸν
298 2163 463 2247 νεώτερον
489 2161 685 2245 ἀποβαλεῖν,
712 2159 769 2226 καὶ
795 2160 916 2244 ταύτης
941 2159 1004 2242 ἐγὼ
1032 2159 1122 2243 τήςῦ

70 2273 235 2358 ἐκβάσεως
265 2271 420 2355 έμτιειρύς
450 2271 532 2352 είμι,
561 2270 623 2352 τήν
653 2267 725 2352 ἐμοὶ
756 2268 919 2353 φιλτάτην
948 2275 1089 2349 γυναῖκα
1147 2281 1153 2298 “

71 2381 114 2457 ὡς
143 2379 242 2462 τάχος
268 2376 456 2460 ἀποβαλών.
502 2373 555 2440 ἐπὶ
586 2372 623 2440 δὲ
651 2385 740 2461 τρεῖς
769 2372 892 2460 ἡμέρας
922 2372 983 2438 οὐκ
1013 2371 1090 2455 ἐξῆν
1104 2401 1130 2440 ιο

70 2483 228 2570 γυναιξὶν
249 2482 270 2567 ή
293 2492 434 2569 καρῆναι
456 2480 477 2565 ἢ
502 2481 733 2566 ὀνυχίσασθαι.

145 2696 169 2731 v.
186 2682 201 2730 9
222 2675 255 2730 cf.
271 2675 356 2730 Arist.
376 2674 443 2729 hist.
463 2673 546 2728 anim.
562 2673 621 2743 VH,
636 2679 653 2726 4
671 2691 699 2743 p.
714 2672 781 2728 5841)
795 2677 828 2726 31
849 2671 960 2726 Bekker

145 2874 167 2909 v.
184 2860 200 2907 2
220 2851 435 2924 ἀπογενομένων
449 2853 477 2906 Β
493 2854 497 2922 Ι
515 2851 529 2906 δ
549 2851 655 2914 ἰούνιος
674 2848 744 2906 ὅθεν
763 2847 916 2920 ὠνομάσθη
940 2851 991 2975 ούφ
1010 2847 1090 2918 εύρη-

70 2947 126 2982 ται.
166 2925 236 2994 φασλ
259 2922 303 2994 δέ,
330 2923 428 2994 ὅτιτῇ
453 2924 620 2992 πράτητοῦ
644 2917 894 2991 ἰοννίονβωμαῖοι
918 2920 946 2986 ἐξ
984 2923 1091 2990 ωθινῆς

71 2995 244 3067 ἀπεγεύοντο
261 3004 371 3066 ψυχροῦ
386 3026 421 3036 -
436 3001 452 3048 3
470 2997 642 3065 ποδαλγικής
656 2994 691 3047 H
704 2993 723 3048 f.
740 2998 803 3047 166ῙΓ
874 2999 891 3046 4
910 2989 1046 3061 δνδίμους
1063 2991 1091 3044 Α

72 3076 87 3123 5
109 3067 153 3122 ὅτι
173 3066 219 3120 ἐπὶ
237 3067 375 3135 ἀδριοινοῦ
395 3063 524 3136 έφηγεῖτύ
543 3084 585 3128 τις
603 3062 737 3135 αἰγυπτία
755 3063 827 3135 γυνή
845 3066 1008 3132 πεμφθεῖσα
1020 3061 1092 3130 πρὸς

72 3136 171 3205 αύτύν,
190 3135 232 3192 ὅτι
250 3135 396 3206 τέσσαρσιν
409 3169 445 3177 -
459 3143 491 3190 21
512 3134 735 3206 δνυχίσασθαιβ
805 3140 821 3188 6
840 3133 880 3196 εἰς
894 3133 980 3188 αύτδν
993 3153 1091 3203 γυναι-

71 3211 123 3273 κὸς
140 3211 168 3263 Β
233 3208 317 3265 9τὸν
335 3207 413 3263 omis.
431 3208 453 3263 S
466 3209 470 3278 Ι
487 3204 645 3276 ἀριστοτέλη
664 3207 692 3261 Α
756 3212 789 3259 10
808 3213 889 3260 τοῦτο
905 3237 938 3244 -
955 3211 988 3258 14
1007 3203 1091 3272 6066-

72 3290 153 3351 μοῑτο
174 3277 252 3334 omis.
268 3281 300 3334 X
363 3285 397 3332 14
416 3278 431 3334 6
450 3277 482 3332 δὲ
501 3278 608 3340 ῖούνιος
622 3278 654 3332 Χ
715 3283 749 3330 15
767 3275 882 3347 γάμους.
910 3278 962 3330 eet.
979 3275 1035 3330 des.
1052 3275 1090 3342 X,

71 3349 174 3408 τοῦτόν
193 3367 263 3420 φασι
285 3351 335 3406 καὶ
358 3348 555 3417 ἀνεπιτήδειον
578 3345 652 3404 εἶναι
674 3347 745 3416 πρὸς
763 3346 880 3418 γάμους·
904 3344 1014 3417 ἀνάγκη
1037 3345 1091 3415 γὰρ

72 3431 151 3478 πᾶσα
169 3422 201 3477 τὸ
220 3419 293 3476 κατά
311 3419 393 3478 τόνδε
410 3421 461 3476 τὸν
474 3420 575 3489 καιρὸν
589 3417 740 3490 γενόμενον
754 3451 788 3459 -
804 3425 837 3473 18
852 3418 1013 3489 ἀποβαλεῖν.
1038 3419 1090 3470 cet.

73 3495 132 3550 des.
147 3494 183 3547 H
244 3499 276 3546 16
295 3490 376 3563 λέγει,
395 3489 441 3562 ἐφ’
459 3487 481 3546 ὦ
500 3489 548 3545 καί
567 3508 653 3560 φησιν
668 3489 683 3544 6
697 3499 753 3546 τῶν
768 3489 902 3544 τοιούτων
916 3488 1092 3559 συγγραφεύς

72 3562 236 3634 λαυρέντιος
252 3571 380 3618 τοιαῦτα·
402 3561 444 3618 ὅτι
463 3561 573 3632 ἀληθὴς
591 3564 643 3616 etc.
663 3561 685 3616 S
