2524 3984
540 151 744 208 PRAEFATIO
1083 154 1134 209 VH

132 319 208 378 tiam
229 318 414 378 Parisiorum
432 320 583 395 pervenit3
606 322 849 381 membranaceus
868 325 913 381 est
933 323 999 383 folii
1017 323 1149 400 minoris,

132 408 246 467 saeculi
258 409 330 468 noni
344 409 392 467 vel
411 408 526 484 decimi,
548 409 686 486 Lydiana
705 411 875 486 complexus
894 412 967 470 olim
985 413 1044 471 tria
1059 431 1150 490 opera

132 496 167 556 de
196 497 346 557 mensibus
377 498 501 557 ostentis
531 499 767 576 magistratibus.
814 502 903 576 atque
935 501 998 560 eius
1029 502 1149 578 quidem

131 587 243 664 partis,
275 605 335 663 qna
363 587 398 645 de
430 587 580 647 mensibus
608 589 718 665 agebat
750 592 868 662 auctor,
900 609 960 648 non
989 591 1056 666 plus
1089 591 1148 649 duo

132 675 229 734 adbuc
252 679 412 752 supersunt
434 675 526 751 folia,
551 676 682 737 numeris
704 677 793 736 hodie
820 681 926 738 notata
955 681 995 740 99
1021 683 1051 738 et
1076 682 1149 756 100,

130 764 194 823 vini
222 768 324 824 autem
350 765 471 824 madore
501 765 574 825 adeo
604 766 713 842 tincta,
745 769 780 825 ut
807 767 957 826 difficilior
984 787 1084 828 eornm
1109 769 1149 827 sit

131 853 232 913 lectio.
277 873 341 932 ego,
365 872 433 913 cum
456 854 586 914 codicem
608 855 696 914 illum
713 855 837 915 Parisiis
862 858 1037 932 evolverem,
1060 857 1149 916 simul

131 942 193 1000 adii
218 941 248 1002 G.
270 943 305 1002 Β.
329 943 415 1002 Hasii
443 943 578 1019 schedae,
608 945 662 1020 qui
688 945 803 1020 primus
831 946 904 1004 haec
931 946 1005 1005 folia
1034 946 1148 1023 publici

130 1031 205 1091 iuris
219 1031 292 1091 fecit
305 1031 336 1090 in
350 1031 420 1090 libri
434 1031 469 1090 de
485 1033 610 1092 ostentis
625 1033 754 1092 editione
769 1030 848 1111 (Par.
859 1035 944 1093 1823
959 1056 988 1112 p.
1000 1032 1147 1114 262sqq.)

132 1121 277 1196 cuiusque
305 1120 459 1180 chartulae
486 1140 580 1180 manu
608 1122 792 1198 conscriptae
821 1125 851 1182 et
878 1123 960 1199 ipsae
988 1125 1020 1182 in
1043 1125 1148 1185 biblio-

131 1209 219 1268 theca
246 1210 510 1288 lbancogallorum
533 1210 690 1270 Nationali
722 1211 934 1287 adservantur,
965 1213 1043 1272 inter
1073 1233 1148 1290 quas

130 1298 290 1374 utriusque
319 1299 385 1358 folii
416 1297 565 1358 (laseolini
594 1301 802 1376 apographum
829 1302 1050 1360 accuratissime
1080 1322 1147 1362 con-

131 1387 245 1445 fectum
268 1390 350 1446 extat
371 1387 445 1447 folio
471 1389 616 1464 154¹sqq.
640 1389 748 1448 codicis
773 1389 886 1466 suppl.
910 1409 958 1467 gr.
983 1392 1060 1463 8593
1089 1410 1147 1467 quo

131 1475 243 1534 auxilio
276 1475 397 1534 adiutus
429 1476 580 1552 paulatim
613 1478 773 1538 atramenti
802 1478 907 1537 ductus
934 1478 966 1537 in
994 1479 1093 1538 codice
1122 1477 1146 1538 Ο

132 1563 315 1640 distinguere
343 1564 441 1640 coepi,
471 1565 542 1624 dum
579 1583 680 1624 omnes
709 1566 826 1625 litteras
860 1569 1064 1642 perscrutatus
1096 1571 1149 1626 aut

129 1654 210 1711 recte
234 1653 341 1730 legisse
364 1653 491 1712 Hasium
515 1657 580 1729 aut,
609 1673 667 1730 qno
692 1657 757 1714 erat
778 1654 891 1732 ingenii
915 1655 1063 1730 acumine,
1085 1657 1147 1732 ple-

129 1740 232 1816 risque
250 1741 323 1800 locis
341 1745 421 1801 recte
441 1743 625 1818 supplevisse
643 1743 860 1820 intellegerem
883 1744 958 1802 miro
978 1744 1057 1802 enirn
1076 1763 1148 1804 casu

129 1829 246 1888 factum
269 1833 324 1905 est,
353 1833 387 1889 ut
409 1831 498 1907 plura
527 1831 677 1892 dinoscere
700 1833 849 1908 potuerim
878 1833 971 1892 Hesio
999 1834 1054 1892 sub
1084 1835 1147 1893 vini

128 1919 253 1992 rubore,
286 1938 344 1994 quo
372 1922 518 1996 teguntur
539 1921 613 1979 haec
635 1920 722 1979 folia:
754 1921 835 1997 quod
861 1921 907 1980 ita
939 1922 1148 1998 explicandum

130 2026 194 2066 esse
217 2010 302 2084 puto,
325 2011 359 2066 ut
381 2009 523 2084 pallidior
541 2009 638 2068 factus
658 2009 698 2068 sit
721 2011 802 2069 color
819 2010 871 2068 ille
895 2014 949 2069 aut
968 2030 1055 2070 cursu
1073 2014 1146 2070 tem-

128 2116 238 2172 porum
261 2100 315 2154 aut
338 2097 457 2156 auxiliis
481 2098 519 2156 ab
542 2101 606 2157 arte
631 2098 765 2173 chymica
788 2091 918 2174 petitis.1
960 2100 1043 2158 locus
1067 2119 1147 2174 vero,

130 2205 221 2261 quem
243 2185 275 2244 in
298 2186 363 2262 ipso
382 2184 517 2261 Lydiano
542 2206 630 2262 opere
653 2188 804 2246 tenuerint
823 2189 974 2262 quondam
991 2188 1065 2247 folia
1083 2187 1147 2263 illa,

129 2273 288 2334 verborum
310 2278 413 2334 tenore
437 2275 510 2334 satis
533 2279 635 2351 aperte
656 2277 741 2335 nobis
764 2276 921 2352 indicatur,
945 2296 1003 2354 quo
1026 2277 1147 2336 initium

128 2363 307 2422 Novembris
331 2363 440 2423 mensis
464 2364 495 2421 in
519 2365 613 2424 altero
637 2365 710 2424 folio
734 2367 899 2439 enarratur,
921 2365 1093 2426 Decembris
1115 2367 1147 2424 in

131 2452 242 2512 altero:
270 2452 408 2512 editionis
436 2453 547 2512 inserui
574 2454 648 2512 haec
675 2455 845 2532 fragmenta
869 2455 987 2531 paginis
1013 2457 1145 2529 165,17

132 2542 258 2615 -168,
278 2543 320 2600 20
344 2543 374 2600 et
399 2543 472 2616 169,
491 2544 664 2617 22—173,
685 2545 735 2602 10.
779 2543 812 2601 in
836 2543 955 2602 edendis
979 2546 1079 2602 autem
1101 2544 1147 2602 his

132 2629 270 2704 reliqniis
292 2630 325 2687 id
348 2630 505 2691 consilium
529 2649 595 2690 sum
619 2634 745 2706 secutuS,
768 2635 802 2690 ut
824 2651 878 2707 pro
903 2633 990 2692 certis
1008 2632 1148 2691 haberem

134 2736 184 2776 eas
203 2718 330 2794 litteras,
354 2738 429 2795 quas
447 2723 500 2778 aut
518 2720 582 2796 ipse
602 2720 785 2798 distinguere
806 2721 978 2796 potuissem,
1002 2724 1055 2780 aut
1073 2739 1147 2797 quas

132 2810 253 2881 praeter
284 2808 352 2866 illas
385 2826 404 2866 a
435 2827 466 2867 se
499 2811 577 2867 certe
609 2809 702 2867 lectas
735 2828 797 2868 esse
826 2809 990 2868 affirmaret
1022 2810 1146 2885 Hasius3

132 2895 343 2972 supplementa
379 2916 461 2973 vero,
494 2897 601 2973 quibus
633 2898 689 2956 hae
723 2897 859 2974 opusculi
886 2901 987 2974 partes
1019 2900 1146 2957 maxime

131 2984 282 3060 indigent,
313 3004 429 3062 semper
460 2986 522 3044 fere
555 2985 677 3044 adhibui
706 3005 742 3045 ea
772 3006 850 3062 quae
881 2987 960 3046 idem
990 2988 1147 3064 proposuit

131 3072 252 3147 Hasius,
274 3074 332 3132 nisi
351 3093 410 3149 quo
432 3075 497 3133 loco
522 3075 583 3133 alia
601 3075 740 3134 suaderet
761 3076 919 3136 verborum
939 3095 1076 3150 conexus,
1098 3077 1146 3134 vel

131 3161 163 3218 id
182 3163 263 3237 quod
282 3163 399 3239 saepius
417 3162 534 3237 accidit,
553 3163 631 3239 Lydi
648 3164 739 3223 verba
752 3165 784 3223 in
804 3166 898 3224 altero
913 3184 1032 3241 quoque
1046 3164 1145 3224 codice

133 3253 254 3309 servata
277 3255 382 3311 essent.

199 3339 304 3416 Neque
334 3360 404 3400 vero
431 3342 504 3400 haec
535 3341 592 3400 duo
622 3340 709 3416 folia,
742 3359 818 3416 qnae
847 3307 975 3417 ex'ipso
1003 3342 1079 3400 libro
1110 3342 1145 3400 de

208 3525 217 3556 ¹
235 3526 303 3596 Lyd.
323 3528 359 3582 de
377 3530 427 3583 ost.
448 3528 491 3583 ed.
511 3527 719 3582 Wachsmuth²
737 3547 763 3598 p.
783 3528 847 3583 X4.
