<?xml version="1.0" encoding="UTF-8"?>
<!DOCTYPE html PUBLIC "-//W3C//DTD XHTML 1.0 Transitional//EN"
    "http://www.w3.org/TR/xhtml1/DTD/xhtml1-transitional.dtd">
<html xmlns="http://www.w3.org/1999/xhtml" xml:lang="en" lang="en">
 <head>
  <title>
</title>
<meta http-equiv="Content-Type" content="text/html;charset=utf-8" />
  <meta name='ocr-system' content='tesseract 3.04.00' />
  <meta name='ocr-capabilities' content='ocr_page ocr_carea ocr_par ocr_line ocrx_word'/>
</head>
<body>
  <div class='ocr_page' id='page_1' title='image "./ioannislaurenti01wuengoog_0212.png"; bbox 0 0 2556 3996; ppageno 0'>
   <div class='ocr_carea' id='block_1_1' title="bbox 337 220 1091 290">
    <p class='ocr_par' dir='ltr' id='par_1_1' title="bbox 337 220 1091 290">
     <span class='ocr_line' id='line_1_1' title="bbox 337 220 1091 290; baseline 0.023 -16"><span class='ocrx_word' id='word_1_1' title='bbox 337 220 445 275; x_wconf 84' lang='lat' dir='ltr'><strong>LIBER</strong></span> <span class='ocrx_word' id='word_1_2' title='bbox 464 221 640 286; x_wconf 80' lang='lat' dir='ltr'><strong>QUARTUS.</strong></span> <span class='ocrx_word' id='word_1_3' title='bbox 669 223 831 278; x_wconf 79' lang='lat' dir='ltr'><strong>MARTIUS</strong></span> <span class='ocrx_word' id='word_1_4' title='bbox 1028 227 1091 290; x_wconf 87' lang='lat'><strong><em>109</em></strong></span> 
     </span>
    </p>
   </div>
   <div class='ocr_carea' id='block_1_2' title="bbox 18 383 1132 3302">
    <p class='ocr_par' dir='ltr' id='par_1_2' title="bbox 71 383 1132 1006">
     <span class='ocr_line' id='line_1_2' title="bbox 72 383 1132 473; baseline 0.005 -23"><span class='ocrx_word' id='word_1_5' title='bbox 72 383 134 472; x_wconf 73' lang='grc' dir='ltr'><strong><em>μὲν</em></strong></span> <span class='ocrx_word' id='word_1_6' title='bbox 166 385 368 468; x_wconf 82' lang='grc' dir='ltr'><strong><em>ἀνατολικὴν</em></strong></span> <span class='ocrx_word' id='word_1_7' title='bbox 394 386 477 470; x_wconf 90' lang='grc' dir='ltr'><strong><em>πρὸς</em></strong></span> <span class='ocrx_word' id='word_1_8' title='bbox 504 387 606 450; x_wconf 91' lang='grc' dir='ltr'><strong><em>νότον</em></strong></span> <span class='ocrx_word' id='word_1_9' title='bbox 633 384 670 450; x_wconf 83' lang='grc' dir='ltr'><strong><em>ἐν</em></strong></span> <span class='ocrx_word' id='word_1_10' title='bbox 697 397 848 471; x_wconf 83' lang='grc' dir='ltr'><strong><em>χειμῶνι,</em></strong></span> <span class='ocrx_word' id='word_1_11' title='bbox 881 389 943 472; x_wconf 75' lang='grc' dir='ltr'><strong><em>τὴν</em></strong></span> <span class='ocrx_word' id='word_1_12' title='bbox 970 385 1008 454; x_wconf 69' lang='grc' dir='ltr'><strong><em>δὲ</em></strong></span> <span class='ocrx_word' id='word_1_13' title='bbox 1035 393 1093 473; x_wconf 90' lang='grc' dir='ltr'><strong><em>βο-</em></strong></span> <span class='ocrx_word' id='word_1_14' title='bbox 1106 400 1132 454; x_wconf 83' lang='grc' dir='ltr'>Χ</span> 
     </span>
     <span class='ocr_line' id='line_1_3' title="bbox 72 490 1091 583; baseline 0.004 -25"><span class='ocrx_word' id='word_1_15' title='bbox 72 497 168 580; x_wconf 88' lang='grc' dir='ltr'><strong><em>ρείαν</em></strong></span> <span class='ocrx_word' id='word_1_16' title='bbox 191 493 275 577; x_wconf 86' lang='grc' dir='ltr'><strong><em>πρὸς</em></strong></span> <span class='ocrx_word' id='word_1_17' title='bbox 298 493 426 576; x_wconf 80' lang='grc' dir='ltr'><strong><em>ῦυσμάς</em></strong></span> <span class='ocrx_word' id='word_1_18' title='bbox 450 491 487 556; x_wconf 83' lang='grc' dir='ltr'><strong><em>έν</em></strong></span> <span class='ocrx_word' id='word_1_19' title='bbox 509 501 556 582; x_wconf 85' lang='grc' dir='ltr'><strong><em>τῳ</em></strong></span> <span class='ocrx_word' id='word_1_20' title='bbox 578 490 681 578; x_wconf 93' lang='grc' dir='ltr'><strong><em>θέρει.</em></strong></span> <span class='ocrx_word' id='word_1_21' title='bbox 726 492 782 558; x_wconf 83' lang='grc' dir='ltr'><strong><em>καὶ</em></strong></span> <span class='ocrx_word' id='word_1_22' title='bbox 805 503 908 560; x_wconf 91' lang='grc' dir='ltr'><strong><em>ταῦτα</em></strong></span> <span class='ocrx_word' id='word_1_23' title='bbox 930 491 993 580; x_wconf 74' lang='grc' dir='ltr'><strong><em>μὲν</em></strong></span> <span class='ocrx_word' id='word_1_24' title='bbox 1014 495 1091 583; x_wconf 81' lang='grc' dir='ltr'><strong><em>περὶ</em></strong></span> 
     </span>
     <span class='ocr_line' id='line_1_4' title="bbox 71 595 1092 688; baseline 0.004 -22"><span class='ocrx_word' id='word_1_25' title='bbox 71 601 257 666; x_wconf 87' lang='grc' dir='ltr'><strong><em>Διονύσου.</em></strong></span> <span class='ocrx_word' id='word_1_26' title='bbox 299 597 358 663; x_wconf 74' lang='grc' dir='ltr'><strong><em>Ἐν</em></strong></span> <span class='ocrx_word' id='word_1_27' title='bbox 381 595 418 663; x_wconf 76' lang='grc' dir='ltr'><strong><em>δὲ</em></strong></span> <span class='ocrx_word' id='word_1_28' title='bbox 440 609 479 686; x_wconf 75' lang='grc' dir='ltr'><strong><em>τῇ</em></strong></span> <span class='ocrx_word' id='word_1_29' title='bbox 502 598 609 687; x_wconf 73' lang='grc' dir='ltr'><strong><em>ἡμέρᾳ</em></strong></span> <span class='ocrx_word' id='word_1_30' title='bbox 630 611 699 665; x_wconf 80' lang='grc' dir='ltr'><strong><em>τῶν</em></strong></span> <span class='ocrx_word' id='word_1_31' title='bbox 721 605 960 686; x_wconf 86' lang='grc' dir='ltr'><strong><em>Βακχαναλίωυ</em></strong></span> <span class='ocrx_word' id='word_1_32' title='bbox 979 606 1092 688; x_wconf 84' lang='grc' dir='ltr'><strong><em>Δημό-</em></strong></span> 
     </span>
     <span class='ocr_line' id='line_1_5' title="bbox 71 704 1091 795; baseline 0.003 -23"><span class='ocrx_word' id='word_1_33' title='bbox 71 731 185 793; x_wconf 88' lang='grc' dir='ltr'><strong><em>κριτος</em></strong></span> <span class='ocrx_word' id='word_1_34' title='bbox 210 707 353 771; x_wconf 77' lang='grc' dir='ltr'><strong><em>δύεσθαι</em></strong></span> <span class='ocrx_word' id='word_1_35' title='bbox 375 708 454 782; x_wconf 88' lang='grc' dir='ltr'><strong><em>τοὺς</em></strong></span> <span class='ocrx_word' id='word_1_36' title='bbox 478 707 599 790; x_wconf 79' lang='grc' dir='ltr'><em>ἰχθύας</em></span> <span class='ocrx_word' id='word_1_37' title='bbox 621 706 724 791; x_wconf 83' lang='grc' dir='ltr'><strong><em>λέγει,</em></strong></span> <span class='ocrx_word' id='word_1_38' title='bbox 751 707 769 773; x_wconf 86' lang='grc' dir='ltr'>ὁ</span> <span class='ocrx_word' id='word_1_39' title='bbox 794 704 831 773; x_wconf 73' lang='grc' dir='ltr'><strong><em>δὲ</em></strong></span> <span class='ocrx_word' id='word_1_40' title='bbox 850 709 994 795; x_wconf 78' lang='grc' dir='ltr'><strong><em>Βάρρων</em></strong></span> <span class='ocrx_word' id='word_1_41' title='bbox 1017 709 1091 776; x_wconf 88' lang='grc' dir='ltr'><strong><em>ἀνε-</em></strong></span> 
     </span>
     <span class='ocr_line' id='line_1_6' title="bbox 72 811 1132 900; baseline 0.003 -21"><span class='ocrx_word' id='word_1_42' title='bbox 72 817 242 900; x_wconf 86' lang='grc' dir='ltr'><strong><em>μομαχίαν</em></strong></span> <span class='ocrx_word' id='word_1_43' title='bbox 265 815 401 878; x_wconf 82' lang='grc' dir='ltr'><strong><em>ἔσεσθαι</em></strong></span> <span class='ocrx_word' id='word_1_44' title='bbox 423 814 663 898; x_wconf 79' lang='grc' dir='ltr'><strong><em>παραδίδωσιν.</em></strong></span> <span class='ocrx_word' id='word_1_45' title='bbox 700 813 805 891; x_wconf 81' lang='grc' dir='ltr'><strong><em>οὕτως</em></strong></span> <span class='ocrx_word' id='word_1_46' title='bbox 827 811 889 899; x_wconf 68' lang='grc' dir='ltr'><strong><em>μὲν</em></strong></span> <span class='ocrx_word' id='word_1_47' title='bbox 911 815 931 898; x_wconf 73' lang='grc' dir='ltr'><strong><em>ἡ</em></strong></span> <span class='ocrx_word' id='word_1_48' title='bbox 955 819 1132 882; x_wconf 82' lang='grc' dir='ltr'><strong><em>παλαιό-ιι</em></strong></span> 
     </span>
     <span class='ocr_line' id='line_1_7' title="bbox 72 918 492 1006; baseline -0.005 -20"><span class='ocrx_word' id='word_1_49' title='bbox 72 946 130 1006; x_wconf 85' lang='grc' dir='ltr'><strong><em>της</em></strong></span> <span class='ocrx_word' id='word_1_50' title='bbox 153 918 231 1006; x_wconf 76' lang='grc' dir='ltr'><strong><em>περὶ</em></strong></span> <span class='ocrx_word' id='word_1_51' title='bbox 254 921 294 984; x_wconf 89' lang='grc' dir='ltr'><strong><em>τά</em></strong></span> <span class='ocrx_word' id='word_1_52' title='bbox 318 920 492 985; x_wconf 89' lang='grc' dir='ltr'><strong><em>Διονύσια.</em></strong></span> 
     </span>
    </p>

    <p class='ocr_par' dir='ltr' id='par_1_3' title="bbox 18 996 1132 1648">
     <span class='ocr_line' id='line_1_8' title="bbox 18 996 1127 1114; baseline 0.001 -21"><span class='ocrx_word' id='word_1_53' title='bbox 18 1038 148 1093; x_wconf 78' lang='lat' dir='ltr'>deesfflr</span> <span class='ocrx_word' id='word_1_54' title='bbox 166 1025 219 1090; x_wconf 80' lang='lat'><strong><em>52.</em></strong></span> <span class='ocrx_word' id='word_1_55' title='bbox 235 1023 307 1090; x_wconf 79' lang='grc' dir='ltr'><strong><em>’Ὀτι</em></strong></span> <span class='ocrx_word' id='word_1_56' title='bbox 331 1025 369 1090; x_wconf 83' lang='grc' dir='ltr'><strong><em>έν</em></strong></span> <span class='ocrx_word' id='word_1_57' title='bbox 386 1034 433 1113; x_wconf 83' lang='grc' dir='ltr'><strong><em>τῳ</em></strong></span> <span class='ocrx_word' id='word_1_58' title='bbox 450 1029 652 1114; x_wconf 75' lang='grc' dir='ltr'><strong><em>Καπιτωλίῳ</em></strong></span> <span class='ocrx_word' id='word_1_59' title='bbox 670 996 813 1113; x_wconf 78' lang='grc' dir='ltr'><strong><em>ταραχῆς</em></strong></span> <span class='ocrx_word' id='word_1_60' title='bbox 831 1027 1011 1114; x_wconf 77' lang='grc' dir='ltr'><strong><em>γενομένης</em></strong></span> <span class='ocrx_word' id='word_1_61' title='bbox 1028 1030 1094 1096; x_wconf 90' lang='grc' dir='ltr'><strong><em>υπὸ</em></strong></span> <span class='ocrx_word' id='word_1_62' title='bbox 1109 1039 1127 1094; x_wconf 84' lang='lat' dir='ltr'>S</span> 
     </span>
     <span class='ocr_line' id='line_1_9' title="bbox 72 1132 1092 1222; baseline 0.002 -22"><span class='ocrx_word' id='word_1_63' title='bbox 72 1146 142 1200; x_wconf 83' lang='grc' dir='ltr'><strong><em>τῶν</em></strong></span> <span class='ocrx_word' id='word_1_64' title='bbox 165 1144 373 1198; x_wconf 75' lang='grc' dir='ltr'><strong><em>στασιαστῶν</em></strong></span> <span class='ocrx_word' id='word_1_65' title='bbox 395 1132 523 1215; x_wconf 89' lang='grc' dir='ltr'><strong><em>λέγεται</em></strong></span> <span class='ocrx_word' id='word_1_66' title='bbox 547 1143 728 1217; x_wconf 84' lang='grc' dir='ltr'><strong><em>τηνικαῦτα</em></strong></span> <span class='ocrx_word' id='word_1_67' title='bbox 750 1134 908 1220; x_wconf 81' lang='grc' dir='ltr'><strong><em>ποιμένος</em></strong></span> <span class='ocrx_word' id='word_1_68' title='bbox 932 1135 1092 1222; x_wconf 81' lang='grc' dir='ltr'><strong><em>έπιῳανῆ-</em></strong></span> 
     </span>
     <span class='ocr_line' id='line_1_10' title="bbox 72 1237 1092 1328; baseline 0.003 -22"><span class='ocrx_word' id='word_1_69' title='bbox 72 1267 130 1306; x_wconf 92' lang='grc' dir='ltr'><strong><em>ναι</em></strong></span> <span class='ocrx_word' id='word_1_70' title='bbox 154 1239 314 1319; x_wconf 77' lang='grc' dir='ltr'><strong><em>δόξαντος</em></strong></span> <span class='ocrx_word' id='word_1_71' title='bbox 336 1247 383 1327; x_wconf 73' lang='grc' dir='ltr'><strong><em>τῷ</em></strong></span> <span class='ocrx_word' id='word_1_72' title='bbox 405 1241 495 1327; x_wconf 91' lang='grc' dir='ltr'><strong><em>τόπῳ</em></strong></span> <span class='ocrx_word' id='word_1_73' title='bbox 518 1237 573 1304; x_wconf 79' lang='grc' dir='ltr'><strong><em>καί</em></strong></span> <span class='ocrx_word' id='word_1_74' title='bbox 592 1243 768 1325; x_wconf 83' lang='grc' dir='ltr'><strong><em>κρίναντος</em></strong></span> <span class='ocrx_word' id='word_1_75' title='bbox 786 1242 831 1318; x_wconf 83' lang='grc' dir='ltr'><strong><em>ὡς</em></strong></span> <span class='ocrx_word' id='word_1_76' title='bbox 849 1243 953 1308; x_wconf 85' lang='grc' dir='ltr'><strong><em>αὐτὸν</em></strong></span> <span class='ocrx_word' id='word_1_77' title='bbox 971 1261 1092 1328; x_wconf 87' lang='grc' dir='ltr'><strong><em>συναχ-</em></strong></span> 
     </span>
     <span class='ocr_line' id='line_1_11' title="bbox 71 1342 1132 1432; baseline 0.001 -19"><span class='ocrx_word' id='word_1_78' title='bbox 71 1357 179 1432; x_wconf 73' lang='grc' dir='ltr'><strong><em>θῆναι</em></strong></span> <span class='ocrx_word' id='word_1_79' title='bbox 201 1348 263 1412; x_wconf 91' lang='grc' dir='ltr'><strong><em>τὸν</em></strong></span> <span class='ocrx_word' id='word_1_80' title='bbox 285 1348 408 1430; x_wconf 75' lang='grc' dir='ltr'><strong><em>δῆμον,</em></strong></span> <span class='ocrx_word' id='word_1_81' title='bbox 435 1347 640 1432; x_wconf 74' lang='grc' dir='ltr'><strong><em>συνδραμεῖν</em></strong></span> <span class='ocrx_word' id='word_1_82' title='bbox 668 1342 705 1411; x_wconf 74' lang='grc' dir='ltr'><strong><em>δὲ</em></strong></span> <span class='ocrx_word' id='word_1_83' title='bbox 727 1348 765 1411; x_wconf 90' lang='grc' dir='ltr'><strong><em>τὸ</em></strong></span> <span class='ocrx_word' id='word_1_84' title='bbox 791 1352 934 1430; x_wconf 78' lang='grc' dir='ltr'><strong><em>πλῆθος·</em></strong></span> <span class='ocrx_word' id='word_1_85' title='bbox 961 1349 1092 1416; x_wconf 81' lang='grc' dir='ltr'><strong><em>κάκεῖσε</em></strong></span> <span class='ocrx_word' id='word_1_86' title='bbox 1106 1375 1132 1414; x_wconf 91' lang='lat'><strong><em>10</em></strong></span> 
     </span>
     <span class='ocr_line' id='line_1_12' title="bbox 72 1451 1096 1543; baseline 0.001 -23"><span class='ocrx_word' id='word_1_87' title='bbox 72 1456 159 1541; x_wconf 91' lang='grc' dir='ltr'><strong><em>πρὸς</em></strong></span> <span class='ocrx_word' id='word_1_88' title='bbox 181 1463 242 1519; x_wconf 88' lang='grc' dir='ltr'><strong><em>τοῦ</em></strong></span> <span class='ocrx_word' id='word_1_89' title='bbox 265 1451 423 1537; x_wconf 89' lang='grc' dir='ltr'><strong><em>ποιμένος</em></strong></span> <span class='ocrx_word' id='word_1_90' title='bbox 449 1465 517 1517; x_wconf 83' lang='grc' dir='ltr'><strong><em>τῶν</em></strong></span> <span class='ocrx_word' id='word_1_91' title='bbox 544 1453 723 1535; x_wconf 82' lang='grc' dir='ltr'><strong><em>βαναύσων</em></strong></span> <span class='ocrx_word' id='word_1_92' title='bbox 745 1453 982 1538; x_wconf 71' lang='grc' dir='ltr'><strong><em>χωρισθέντων</em></strong></span> <span class='ocrx_word' id='word_1_93' title='bbox 1004 1458 1096 1543; x_wconf 78' lang='grc' dir='ltr'><strong><em>εἰρή-Ι</em></strong></span> 
     </span>
     <span class='ocr_line' id='line_1_13' title="bbox 73 1556 1052 1648; baseline 0.001 -22"><span class='ocrx_word' id='word_1_94' title='bbox 73 1587 139 1646; x_wconf 81' lang='grc' dir='ltr'><strong><em>νην</em></strong></span> <span class='ocrx_word' id='word_1_95' title='bbox 161 1558 224 1646; x_wconf 75' lang='grc' dir='ltr'><strong><em>μὲν</em></strong></span> <span class='ocrx_word' id='word_1_96' title='bbox 245 1569 292 1648; x_wconf 85' lang='grc' dir='ltr'><strong><em>τῳ</em></strong></span> <span class='ocrx_word' id='word_1_97' title='bbox 316 1562 409 1648; x_wconf 75' lang='grc' dir='ltr'><strong><em>δήμῳ</em></strong></span> <span class='ocrx_word' id='word_1_98' title='bbox 432 1557 602 1643; x_wconf 78' lang='grc' dir='ltr'><strong><em>γενέσθαι,</em></strong></span> <span class='ocrx_word' id='word_1_99' title='bbox 625 1559 729 1624; x_wconf 92' lang='grc' dir='ltr'><strong><em>αύτὸν</em></strong></span> <span class='ocrx_word' id='word_1_100' title='bbox 752 1556 790 1625; x_wconf 73' lang='grc' dir='ltr'><strong><em>δὲ</em></strong></span> <span class='ocrx_word' id='word_1_101' title='bbox 813 1559 1052 1646; x_wconf 77' lang='grc' dir='ltr'><strong><em>ἀφανισθῆναι.</em></strong></span> 
     </span>
    </p>

    <p class='ocr_par' dir='ltr' id='par_1_4' title="bbox 21 1666 1132 3034">
     <span class='ocr_line' id='line_1_14' title="bbox 21 1666 1092 1754; baseline -0.001 -19"><span class='ocrx_word' id='word_1_102' title='bbox 21 1682 99 1735; x_wconf 70' lang='lat' dir='ltr'>deest</span> <span class='ocrx_word' id='word_1_103' title='bbox 107 1680 149 1734; x_wconf 84' lang='lat' dir='ltr'><strong><em>Rr</em></strong></span> <span class='ocrx_word' id='word_1_104' title='bbox 171 1667 224 1734; x_wconf 86' lang='lat'><strong><em>53.</em></strong></span> <span class='ocrx_word' id='word_1_105' title='bbox 247 1666 318 1732; x_wconf 82' lang='grc' dir='ltr'><strong><em>Ὅτι</em></strong></span> <span class='ocrx_word' id='word_1_106' title='bbox 340 1667 446 1750; x_wconf 75' lang='grc' dir='ltr'><strong><em>πολλὴ</em></strong></span> <span class='ocrx_word' id='word_1_107' title='bbox 470 1677 540 1743; x_wconf 78' lang='grc' dir='ltr'><strong><em>τοῖς</em></strong></span> <span class='ocrx_word' id='word_1_108' title='bbox 562 1669 738 1750; x_wconf 73' lang='grc' dir='ltr'><strong><em>θεολόγοις</em></strong></span> <span class='ocrx_word' id='word_1_109' title='bbox 757 1668 910 1752; x_wconf 74' lang='grc' dir='ltr'><strong><em>ὃιαφωνὴ</em></strong></span> <span class='ocrx_word' id='word_1_110' title='bbox 933 1667 1009 1754; x_wconf 86' lang='grc' dir='ltr'><strong><em>περὶ</em></strong></span> <span class='ocrx_word' id='word_1_111' title='bbox 1031 1679 1092 1735; x_wconf 89' lang='grc' dir='ltr'><strong><em>τοῦ</em></strong></span> 
     </span>
     <span class='ocr_line' id='line_1_15' title="bbox 71 1771 1091 1861; baseline -0.002 -19"><span class='ocrx_word' id='word_1_112' title='bbox 71 1773 150 1861; x_wconf 84' lang='grc' dir='ltr'><strong><em>παρ’</em></strong></span> <span class='ocrx_word' id='word_1_113' title='bbox 169 1774 335 1860; x_wconf 81' lang='grc' dir='ltr'><strong><em>Ἑβραίων</em></strong></span> <span class='ocrx_word' id='word_1_114' title='bbox 362 1772 551 1858; x_wconf 80' lang='grc' dir='ltr'><strong><em>τιμωμένου</em></strong></span> <span class='ocrx_word' id='word_1_115' title='bbox 578 1780 663 1839; x_wconf 85' lang='grc' dir='ltr'><strong><em>θεοῦ</em></strong></span> <span class='ocrx_word' id='word_1_116' title='bbox 677 1771 746 1839; x_wconf 83' lang='grc' dir='ltr'><strong><em>’καὶ</em></strong></span> <span class='ocrx_word' id='word_1_117' title='bbox 769 1772 887 1856; x_wconf 87' lang='grc' dir='ltr'><strong><em>γέγονε</em></strong></span> <span class='ocrx_word' id='word_1_118' title='bbox 908 1772 964 1839; x_wconf 87' lang='grc' dir='ltr'><strong><em>καὶ</em></strong></span> <span class='ocrx_word' id='word_1_119' title='bbox 988 1776 1091 1840; x_wconf 79' lang='grc' dir='ltr'><strong><em>ἔστιν·</em></strong></span> 
     </span>
     <span class='ocr_line' id='line_1_16' title="bbox 72 1877 1132 1966; baseline -0.002 -18"><span class='ocrx_word' id='word_1_120' title='bbox 72 1882 255 1966; x_wconf 78' lang='grc' dir='ltr'><strong><em>Αἰγύπτιοι</em></strong></span> <span class='ocrx_word' id='word_1_121' title='bbox 287 1883 351 1966; x_wconf 87' lang='grc' dir='ltr'><strong><em>γάρ</em></strong></span> <span class='ocrx_word' id='word_1_122' title='bbox 383 1877 439 1944; x_wconf 86' lang='grc' dir='ltr'><strong><em>καὶ</em></strong></span> <span class='ocrx_word' id='word_1_123' title='bbox 470 1891 600 1965; x_wconf 82' lang='grc' dir='ltr'><strong><em>πρῶτος</em></strong></span> <span class='ocrx_word' id='word_1_124' title='bbox 623 1878 744 1966; x_wconf 78' lang='grc' dir='ltr'><strong><em>Ἑρμῆς</em></strong></span> <span class='ocrx_word' id='word_1_125' title='bbox 762 1879 897 1966; x_wconf 82' lang='grc' dir='ltr'><strong><em>Ὄσιριν</em></strong></span> <span class='ocrx_word' id='word_1_126' title='bbox 925 1882 985 1946; x_wconf 91' lang='grc' dir='ltr'><strong><em>τὸν</em></strong></span> <span class='ocrx_word' id='word_1_127' title='bbox 1012 1883 1092 1947; x_wconf 82' lang='grc' dir='ltr'><strong><em>ὄντα</em></strong></span> <span class='ocrx_word' id='word_1_128' title='bbox 1106 1905 1132 1946; x_wconf 84' lang='lat'><strong><em>15</em></strong></span> 
     </span>
     <span class='ocr_line' id='line_1_17' title="bbox 71 1981 1090 2075; baseline -0.004 -19"><span class='ocrx_word' id='word_1_129' title='bbox 71 1994 299 2072; x_wconf 78' lang='grc' dir='ltr'><strong><em>θεολογοῦσιν</em></strong></span> <span class='ocrx_word' id='word_1_130' title='bbox 322 1987 434 2070; x_wconf 81' lang='grc' dir='ltr'><strong><em>αὐτόν,</em></strong></span> <span class='ocrx_word' id='word_1_131' title='bbox 457 1984 533 2071; x_wconf 79' lang='grc' dir='ltr'><strong><em>περὶ</em></strong></span> <span class='ocrx_word' id='word_1_132' title='bbox 557 1981 598 2051; x_wconf 86' lang='grc' dir='ltr'><strong><em>οὗ</em></strong></span> <span class='ocrx_word' id='word_1_133' title='bbox 617 1988 762 2051; x_wconf 91' lang='grc' dir='ltr'><strong><em>Πλάτων</em></strong></span> <span class='ocrx_word' id='word_1_134' title='bbox 785 1986 822 2052; x_wconf 83' lang='grc' dir='ltr'><strong><em>έν</em></strong></span> <span class='ocrx_word' id='word_1_135' title='bbox 845 1989 970 2075; x_wconf 78' lang='grc' dir='ltr'><strong><em>Τιμαίῳ</em></strong></span> <span class='ocrx_word' id='word_1_136' title='bbox 989 1986 1090 2070; x_wconf 88' lang='grc' dir='ltr'><strong><em>λέγει·</em></strong></span> 
     </span>
     <span class='ocr_line' id='line_1_18' title="bbox 73 2089 1091 2178; baseline -0.002 -18"><span class='ocrx_word' id='word_1_137' title='bbox 73 2097 122 2160; x_wconf 76' lang='lat' dir='ltr'><strong><em>‘n‘</em></strong></span> <span class='ocrx_word' id='word_1_138' title='bbox 141 2095 179 2160; x_wconf 88' lang='grc' dir='ltr'><strong><em>τὸ</em></strong></span> <span class='ocrx_word' id='word_1_139' title='bbox 203 2095 244 2159; x_wconf 81' lang='grc' dir='ltr'><strong><em>ὃν</em></strong></span> <span class='ocrx_word' id='word_1_140' title='bbox 266 2089 328 2178; x_wconf 70' lang='grc' dir='ltr'><strong><em>μὲν</em></strong></span> <span class='ocrx_word' id='word_1_141' title='bbox 351 2092 417 2176; x_wconf 79' lang='grc' dir='ltr'><strong><em>ἀεί,</em></strong></span> <span class='ocrx_word' id='word_1_142' title='bbox 444 2091 577 2176; x_wconf 86' lang='grc' dir='ltr'><strong><em>γένεσιν</em></strong></span> <span class='ocrx_word' id='word_1_143' title='bbox 600 2089 638 2158; x_wconf 69' lang='grc' dir='ltr'><strong><em>δὲ</em></strong></span> <span class='ocrx_word' id='word_1_144' title='bbox 661 2092 722 2158; x_wconf 85' lang='grc' dir='ltr'><strong><em>οὐκ</em></strong></span> <span class='ocrx_word' id='word_1_145' title='bbox 745 2096 837 2178; x_wconf 80' lang='grc' dir='ltr'><strong><em>ἔχου,</em></strong></span> <span class='ocrx_word' id='word_1_146' title='bbox 864 2098 900 2158; x_wconf 90' lang='grc' dir='ltr'><strong><em>τί</em></strong></span> <span class='ocrx_word' id='word_1_147' title='bbox 920 2089 958 2158; x_wconf 73' lang='grc' dir='ltr'><strong><em>δὲ</em></strong></span> <span class='ocrx_word' id='word_1_148' title='bbox 980 2095 1017 2159; x_wconf 88' lang='grc' dir='ltr'><strong><em>τὸ</em></strong></span> <span class='ocrx_word' id='word_1_149' title='bbox 1040 2118 1091 2177; x_wconf 94' lang='grc' dir='ltr'><strong><em>γι-</em></strong></span> 
     </span>
     <span class='ocr_line' id='line_1_19' title="bbox 73 2196 1090 2287; baseline -0.003 -20"><span class='ocrx_word' id='word_1_150' title='bbox 73 2205 229 2287; x_wconf 79' lang='grc' dir='ltr'><strong><em>νόμενον,</em></strong></span> <span class='ocrx_word' id='word_1_151' title='bbox 262 2201 303 2266; x_wconf 82' lang='grc' dir='ltr'><strong><em>ὃν</em></strong></span> <span class='ocrx_word' id='word_1_152' title='bbox 330 2196 368 2265; x_wconf 68' lang='grc' dir='ltr'><strong><em>δὲ</em></strong></span> <span class='ocrx_word' id='word_1_153' title='bbox 396 2199 580 2285; x_wconf 78' lang='grc' dir='ltr'><strong><em>οὐδέποτε;’</em></strong></span> <span class='ocrx_word' id='word_1_154' title='bbox 604 2198 763 2284; x_wconf 81' lang='grc' dir='ltr'><strong><em>Ἕλληνες</em></strong></span> <span class='ocrx_word' id='word_1_155' title='bbox 795 2197 832 2265; x_wconf 74' lang='grc' dir='ltr'><strong><em>δὲ</em></strong></span> <span class='ocrx_word' id='word_1_156' title='bbox 863 2201 923 2264; x_wconf 89' lang='grc' dir='ltr'><strong><em>τὸν</em></strong></span> <span class='ocrx_word' id='word_1_157' title='bbox 946 2198 1090 2286; x_wconf 80' lang='grc' dir='ltr'><strong><em>Ὀρφέως</em></strong></span> 
     </span>
     <span class='ocr_line' id='line_1_20' title="bbox 73 2299 1091 2394; baseline -0.003 -20"><span class='ocrx_word' id='word_1_158' title='bbox 73 2312 259 2392; x_wconf 79' lang='grc' dir='ltr'><strong><em>Διόνυσον,</em></strong></span> <span class='ocrx_word' id='word_1_159' title='bbox 282 2301 344 2391; x_wconf 84' lang='grc' dir='ltr'><strong><em>ὅτι,</em></strong></span> <span class='ocrx_word' id='word_1_160' title='bbox 368 2299 535 2383; x_wconf 77' lang='grc' dir='ltr'><strong><em>ὡςάύτοί</em></strong></span> <span class='ocrx_word' id='word_1_161' title='bbox 546 2323 647 2391; x_wconf 76' lang='grc' dir='ltr'><strong><em>φασι,</em></strong></span> <span class='ocrx_word' id='word_1_162' title='bbox 670 2308 753 2393; x_wconf 89' lang='grc' dir='ltr'><strong><em>πρὸς</em></strong></span> <span class='ocrx_word' id='word_1_163' title='bbox 775 2315 822 2394; x_wconf 80' lang='grc' dir='ltr'><strong><em>τῳ</em></strong></span> <span class='ocrx_word' id='word_1_164' title='bbox 845 2305 955 2394; x_wconf 75' lang='grc' dir='ltr'><strong><em>ἀδύτῳ</em></strong></span> <span class='ocrx_word' id='word_1_165' title='bbox 973 2316 1034 2372; x_wconf 90' lang='grc' dir='ltr'><strong><em>τοῦ</em></strong></span> <span class='ocrx_word' id='word_1_166' title='bbox 1054 2306 1091 2371; x_wconf 85' lang='grc' dir='ltr'><strong><em>έν</em></strong></span> 
     </span>
     <span class='ocr_line' id='line_1_21' title="bbox 68 2410 1130 2501; baseline -0.002 -21"><span class='ocrx_word' id='word_1_167' title='bbox 68 2415 317 2501; x_wconf 85' lang='grc' dir='ltr'><strong><em>Ἱερυσολύμοις</em></strong></span> <span class='ocrx_word' id='word_1_168' title='bbox 339 2421 424 2478; x_wconf 88' lang='grc' dir='ltr'><strong><em>ναοῦ</em></strong></span> <span class='ocrx_word' id='word_1_169' title='bbox 447 2411 480 2491; x_wconf 82' lang='grc' dir='ltr'><strong><em>ἐξ</em></strong></span> <span class='ocrx_word' id='word_1_170' title='bbox 505 2411 667 2499; x_wconf 82' lang='grc' dir='ltr'><strong><em>ἑκατέρων</em></strong></span> <span class='ocrx_word' id='word_1_171' title='bbox 691 2418 851 2496; x_wconf 78' lang='grc' dir='ltr'><strong><em>σταθμῶν</em></strong></span> <span class='ocrx_word' id='word_1_172' title='bbox 872 2414 910 2477; x_wconf 90' lang='grc' dir='ltr'><strong><em>τὸ</em></strong></span> <span class='ocrx_word' id='word_1_173' title='bbox 931 2410 1012 2499; x_wconf 82' lang='grc' dir='ltr'><strong><em>πρὶν</em></strong></span> <span class='ocrx_word' id='word_1_174' title='bbox 1031 2415 1090 2498; x_wconf 78' lang='grc' dir='ltr'><strong><em>ἀμ·</em></strong></span> <span class='ocrx_word' id='word_1_175' title='bbox 1104 2439 1130 2479; x_wconf 77' lang='grc' dir='ltr'><strong><em>ιο</em></strong></span> 
     </span>
     <span class='ocr_line' id='line_1_22' title="bbox 72 2517 1090 2606; baseline -0.002 -19"><span class='ocrx_word' id='word_1_176' title='bbox 72 2527 170 2587; x_wconf 90' lang='grc' dir='ltr'><strong><em>πελοι</em></strong></span> <span class='ocrx_word' id='word_1_177' title='bbox 200 2519 265 2586; x_wconf 84' lang='grc' dir='ltr'><strong><em>ἀπὸ</em></strong></span> <span class='ocrx_word' id='word_1_178' title='bbox 294 2529 420 2606; x_wconf 86' lang='grc' dir='ltr'><strong><em>χρυσοῦ</em></strong></span> <span class='ocrx_word' id='word_1_179' title='bbox 452 2517 668 2604; x_wconf 81' lang='grc' dir='ltr'><strong><em>πεποιημένοι</em></strong></span> <span class='ocrx_word' id='word_1_180' title='bbox 695 2518 893 2584; x_wconf 83' lang='grc' dir='ltr'><strong><em>ἀνέστελλον</em></strong></span> <span class='ocrx_word' id='word_1_181' title='bbox 919 2521 959 2585; x_wconf 88' lang='grc' dir='ltr'><strong><em>τά</em></strong></span> <span class='ocrx_word' id='word_1_182' title='bbox 986 2540 1090 2606; x_wconf 90' lang='grc' dir='ltr'><strong><em>παρα-</em></strong></span> 
     </span>
     <span class='ocr_line' id='line_1_23' title="bbox 73 2625 1089 2712; baseline -0.001 -20"><span class='ocrx_word' id='word_1_183' title='bbox 73 2629 264 2712; x_wconf 86' lang='grc' dir='ltr'><strong><em>πετοίσματα</em></strong></span> <span class='ocrx_word' id='word_1_184' title='bbox 287 2627 323 2692; x_wconf 88' lang='grc' dir='ltr'><strong><em>έκ</em></strong></span> <span class='ocrx_word' id='word_1_185' title='bbox 344 2629 520 2712; x_wconf 82' lang='grc' dir='ltr'><strong><em>πορφύρας</em></strong></span> <span class='ocrx_word' id='word_1_186' title='bbox 547 2625 602 2692; x_wconf 87' lang='grc' dir='ltr'><strong><em>καὶ</em></strong></span> <span class='ocrx_word' id='word_1_187' title='bbox 628 2629 751 2692; x_wconf 92' lang='grc' dir='ltr'><strong><em>κόκκου</em></strong></span> <span class='ocrx_word' id='word_1_188' title='bbox 778 2625 1028 2711; x_wconf 79' lang='grc' dir='ltr'><strong><em>πεποικιλμένα,</em></strong></span> <span class='ocrx_word' id='word_1_189' title='bbox 1057 2626 1089 2705; x_wconf 80' lang='grc' dir='ltr'><strong><em>ἐξ</em></strong></span> 
     </span>
     <span class='ocr_line' id='line_1_24' title="bbox 74 2729 1091 2818; baseline -0.003 -18"><span class='ocrx_word' id='word_1_190' title='bbox 74 2731 123 2800; x_wconf 82' lang='grc' dir='ltr'><strong><em>ὧν</em></strong></span> <span class='ocrx_word' id='word_1_191' title='bbox 145 2732 202 2800; x_wconf 83' lang='grc' dir='ltr'><strong><em>καὶ</em></strong></span> <span class='ocrx_word' id='word_1_192' title='bbox 224 2733 393 2817; x_wconf 81' lang='grc' dir='ltr'><strong><em>ὑπέλαβον</em></strong></span> <span class='ocrx_word' id='word_1_193' title='bbox 416 2735 589 2799; x_wconf 86' lang='grc' dir='ltr'><strong><em>Διονύσου</em></strong></span> <span class='ocrx_word' id='word_1_194' title='bbox 613 2729 759 2798; x_wconf 80' lang='grc' dir='ltr'><strong><em>εἶναιτὸ</em></strong></span> <span class='ocrx_word' id='word_1_195' title='bbox 784 2734 887 2818; x_wconf 87' lang='grc' dir='ltr'><strong><em>ίερόν·</em></strong></span> <span class='ocrx_word' id='word_1_196' title='bbox 913 2737 1030 2818; x_wconf 92' lang='grc' dir='ltr'><strong><em>Λίβιος</em></strong></span> <span class='ocrx_word' id='word_1_197' title='bbox 1053 2730 1091 2797; x_wconf 75' lang='grc' dir='ltr'><strong><em>δὲ</em></strong></span> 
     </span>
     <span class='ocr_line' id='line_1_25' title="bbox 75 2837 1091 2928; baseline -0.006 -20"><span class='ocrx_word' id='word_1_198' title='bbox 75 2842 112 2908; x_wconf 84' lang='grc' dir='ltr'><strong><em>έν</em></strong></span> <span class='ocrx_word' id='word_1_199' title='bbox 142 2851 182 2928; x_wconf 75' lang='grc' dir='ltr'><strong><em>τῇ</em></strong></span> <span class='ocrx_word' id='word_1_200' title='bbox 212 2844 363 2906; x_wconf 87' lang='grc' dir='ltr'><strong><em>καθόλου</em></strong></span> <span class='ocrx_word' id='word_1_201' title='bbox 386 2839 545 2926; x_wconf 74' lang='grc' dir='ltr'><strong><em>Ῥωμαϊκῇ</em></strong></span> <span class='ocrx_word' id='word_1_202' title='bbox 577 2842 706 2926; x_wconf 77' lang='grc' dir='ltr'><strong><em>ἱστορίᾳ</em></strong></span> <span class='ocrx_word' id='word_1_203' title='bbox 736 2840 908 2921; x_wconf 86' lang='grc' dir='ltr'><strong><em>ἀγνωστον</em></strong></span> <span class='ocrx_word' id='word_1_204' title='bbox 937 2841 997 2904; x_wconf 92' lang='grc' dir='ltr'><strong><em>τὸν</em></strong></span> <span class='ocrx_word' id='word_1_205' title='bbox 1025 2837 1091 2903; x_wconf 79' lang='grc' dir='ltr'><strong><em>ἐκεί</em></strong></span> 
     </span>
     <span class='ocr_line' id='line_1_26' title="bbox 73 2944 1131 3034; baseline -0.002 -20"><span class='ocrx_word' id='word_1_206' title='bbox 73 2950 263 3034; x_wconf 82' lang='grc' dir='ltr'><strong><em>τιμώμενόν</em></strong></span> <span class='ocrx_word' id='word_1_207' title='bbox 293 2965 389 3032; x_wconf 82' lang='grc' dir='ltr'><strong><em>φησι·</em></strong></span> <span class='ocrx_word' id='word_1_208' title='bbox 425 2947 532 3034; x_wconf 86' lang='grc' dir='ltr'><strong><em>τούτῳ</em></strong></span> <span class='ocrx_word' id='word_1_209' title='bbox 568 2944 606 3012; x_wconf 74' lang='grc' dir='ltr'><strong><em>δὲ</em></strong></span> <span class='ocrx_word' id='word_1_210' title='bbox 638 2946 834 3021; x_wconf 88' lang='grc' dir='ltr'><strong><em>ἀκολούθως</em></strong></span> <span class='ocrx_word' id='word_1_211' title='bbox 866 2945 884 3010; x_wconf 85' lang='grc' dir='ltr'>ὁ</span> <span class='ocrx_word' id='word_1_212' title='bbox 918 2947 1091 3021; x_wconf 89' lang='grc' dir='ltr'><strong><em>Λούκανος</em></strong></span> <span class='ocrx_word' id='word_1_213' title='bbox 1104 2971 1131 3012; x_wconf 80' lang='grc' dir='ltr'><strong><em>ω</em></strong></span> 
     </span>
    </p>

    <p class='ocr_par' dir='ltr' id='par_1_5' title="bbox 147 3102 1089 3170">
     <span class='ocr_line' id='line_1_27' title="bbox 147 3102 1089 3170; baseline -0.005 -12"><span class='ocrx_word' id='word_1_214' title='bbox 147 3123 172 3160; x_wconf 86' lang='lat' dir='ltr'><strong><em>v.</em></strong></span> <span class='ocrx_word' id='word_1_215' title='bbox 188 3110 204 3158; x_wconf 84' lang='grc'>3</span> <span class='ocrx_word' id='word_1_216' title='bbox 223 3103 399 3158; x_wconf 73' lang='lat' dir='ltr'>Democritus</span> <span class='ocrx_word' id='word_1_217' title='bbox 419 3107 447 3158; x_wconf 77' lang='lat' dir='ltr'><strong><em>et</em></strong></span> <span class='ocrx_word' id='word_1_218' title='bbox 435 3103 550 3158; x_wconf 77' lang='lat' dir='ltr'>tVarro</span> <span class='ocrx_word' id='word_1_219' title='bbox 564 3103 751 3157; x_wconf 73' lang='lat' dir='ltr'>Waohsmuth</span> <span class='ocrx_word' id='word_1_220' title='bbox 770 3102 804 3155; x_wconf 82' lang='lat' dir='ltr'><strong><em>de</em></strong></span> <span class='ocrx_word' id='word_1_221' title='bbox 823 3104 875 3156; x_wconf 74' lang='lat' dir='ltr'><strong><em>osi</em></strong></span> <span class='ocrx_word' id='word_1_222' title='bbox 890 3119 917 3170; x_wconf 91' lang='lat' dir='ltr'><strong><em>p.</em></strong></span> <span class='ocrx_word' id='word_1_223' title='bbox 933 3107 984 3155; x_wconf 79' lang='lat'><strong><em>296</em></strong></span> <span class='ocrx_word' id='word_1_224' title='bbox 1003 3118 1043 3155; x_wconf 84' lang='lat' dir='ltr'><strong><em>nr.</em></strong></span> <span class='ocrx_word' id='word_1_225' title='bbox 1056 3105 1089 3154; x_wconf 81' lang='lat'><strong><em>13</em></strong></span> 
     </span>
    </p>

    <p class='ocr_par' dir='ltr' id='par_1_6' title="bbox 75 3170 1090 3302">
     <span class='ocr_line' id='line_1_28' title="bbox 77 3170 1090 3244; baseline -0.007 -13"><span class='ocrx_word' id='word_1_226' title='bbox 77 3182 111 3231; x_wconf 84' lang='grc'><strong><em>16</em></strong></span> <span class='ocrx_word' id='word_1_227' title='bbox 129 3175 213 3230; x_wconf 78' lang='lat' dir='ltr'>Plato</span> <span class='ocrx_word' id='word_1_228' title='bbox 227 3175 335 3244; x_wconf 87' lang='lat' dir='ltr'>Timp</span> <span class='ocrx_word' id='word_1_229' title='bbox 339 3175 425 3229; x_wconf 60' lang='lat' dir='ltr'>sil)</span> <span class='ocrx_word' id='word_1_230' title='bbox 499 3181 532 3228; x_wconf 80' lang='lat'><strong><em>23</em></strong></span> <span class='ocrx_word' id='word_1_231' title='bbox 551 3173 624 3228; x_wconf 87' lang='lat' dir='ltr'>Livii</span> <span class='ocrx_word' id='word_1_232' title='bbox 642 3173 736 3227; x_wconf 79' lang='lat' dir='ltr'><strong>locum</strong></span> <span class='ocrx_word' id='word_1_233' title='bbox 754 3171 881 3226; x_wconf 72' lang='lat' dir='ltr'><strong>extitisse</strong></span> <span class='ocrx_word' id='word_1_234' title='bbox 899 3170 1068 3240; x_wconf 74' lang='lat' dir='ltr'><strong>quondam</strong></span> <span class='ocrx_word' id='word_1_235' title='bbox 1059 3189 1090 3224; x_wconf 90' lang='lat' dir='ltr'><strong><em>1n</em></strong></span> 
     </span>
     <span class='ocr_line' id='line_1_29' title="bbox 75 3242 1090 3302; baseline -0.004 -2"><span class='ocrx_word' id='word_1_236' title='bbox 75 3248 149 3302; x_wconf 81' lang='lat' dir='ltr'>libro</span> <span class='ocrx_word' id='word_1_237' title='bbox 165 3247 212 3302; x_wconf 84' lang='lat' dir='ltr'><strong><em>CII</em></strong></span> <span class='ocrx_word' id='word_1_238' title='bbox 231 3246 265 3301; x_wconf 84' lang='lat' dir='ltr'><strong><em>ci.</em></strong></span> <span class='ocrx_word' id='word_1_239' title='bbox 279 3246 411 3300; x_wconf 83' lang='lat' dir='ltr'>Usener</span> <span class='ocrx_word' id='word_1_240' title='bbox 403 3265 434 3300; x_wconf 84' lang='lat' dir='ltr'><strong><em>in</em></strong></span> <span class='ocrx_word' id='word_1_241' title='bbox 449 3247 486 3300; x_wconf 90' lang='lat' dir='ltr'><strong><em>M.</em></strong></span> <span class='ocrx_word' id='word_1_242' title='bbox 502 3245 612 3300; x_wconf 78' lang='lat' dir='ltr'>Annaei</span> <span class='ocrx_word' id='word_1_243' title='bbox 626 3244 733 3298; x_wconf 76' lang='lat' dir='ltr'>Lucani</span> <span class='ocrx_word' id='word_1_244' title='bbox 748 3242 954 3298; x_wconf 75' lang='lat' dir='ltr'>commentariis</span> <span class='ocrx_word' id='word_1_245' title='bbox 968 3243 1090 3296; x_wconf 78' lang='lat' dir='ltr'><strong>Beruen-</strong></span> 
     </span>
    </p>
   </div>
   <div class='ocr_carea' id='block_1_3' title="bbox 76 3314 1089 3444">
    <p class='ocr_par' dir='ltr' id='par_1_7' title="bbox 76 3314 1089 3444">
     <span class='ocr_line' id='line_1_30' title="bbox 76 3314 1089 3386; baseline -0.004 -14"><span class='ocrx_word' id='word_1_246' title='bbox 76 3318 153 3372; x_wconf 87' lang='lat' dir='ltr'>sibus</span> <span class='ocrx_word' id='word_1_247' title='bbox 174 3319 211 3372; x_wconf 81' lang='lat' dir='ltr'><strong><em>ad</em></strong></span> <span class='ocrx_word' id='word_1_248' title='bbox 224 3317 320 3372; x_wconf 81' lang='lat' dir='ltr'>Phars.</span> <span class='ocrx_word' id='word_1_249' title='bbox 335 3335 373 3372; x_wconf 86' lang='lat' dir='ltr'><strong><em>vs.</em></strong></span> <span class='ocrx_word' id='word_1_250' title='bbox 389 3317 415 3371; x_wconf 93' lang='lat' dir='ltr'><strong><em>II</em></strong></span> <span class='ocrx_word' id='word_1_251' title='bbox 430 3323 490 3386; x_wconf 77' lang='lat'>692,</span> <span class='ocrx_word' id='word_1_252' title='bbox 510 3315 559 3370; x_wconf 89' lang='lat' dir='ltr'><strong><em>ubi</em></strong></span> <span class='ocrx_word' id='word_1_253' title='bbox 574 3317 673 3370; x_wconf 73' lang='lat' dir='ltr'>eadem</span> <span class='ocrx_word' id='word_1_254' title='bbox 687 3317 772 3383; x_wconf 73' lang='lat' dir='ltr'>abque</span> <span class='ocrx_word' id='word_1_255' title='bbox 786 3315 839 3369; x_wconf 86' lang='lat' dir='ltr'><strong><em>hoc</em></strong></span> <span class='ocrx_word' id='word_1_256' title='bbox 853 3315 915 3369; x_wconf 80' lang='lat' dir='ltr'>loco</span> <span class='ocrx_word' id='word_1_257' title='bbox 929 3314 1089 3368; x_wconf 69' lang='lat' dir='ltr'><strong>traduntur</strong></span> 
     </span>
     <span class='ocr_line' id='line_1_31' title="bbox 77 3389 464 3444; baseline -0.005 0"><span class='ocrx_word' id='word_1_258' title='bbox 77 3396 110 3444; x_wconf 76' lang='lat'><strong><em>25</em></strong></span> <span class='ocrx_word' id='word_1_259' title='bbox 129 3392 233 3444; x_wconf 75' lang='lat' dir='ltr'>Lucan.</span> <span class='ocrx_word' id='word_1_260' title='bbox 253 3389 348 3444; x_wconf 81' lang='lat' dir='ltr'>Phars.</span> <span class='ocrx_word' id='word_1_261' title='bbox 368 3389 394 3442; x_wconf 91' lang='grc' dir='ltr'>Π</span> <span class='ocrx_word' id='word_1_262' title='bbox 413 3394 464 3442; x_wconf 79' lang='lat'><strong><em>592</em></strong></span> 
     </span>
    </p>
   </div>
   <div class='ocr_carea' id='block_1_4' title="bbox 15 3524 1090 3692">
    <p class='ocr_par' dir='ltr' id='par_1_8' title="bbox 15 3524 1090 3692">
     <span class='ocr_line' id='line_1_32' title="bbox 147 3524 1090 3610; baseline -0.003 -24"><span class='ocrx_word' id='word_1_263' title='bbox 147 3551 170 3587; x_wconf 92' lang='lat' dir='ltr'><strong><em>v.</em></strong></span> <span class='ocrx_word' id='word_1_264' title='bbox 188 3539 201 3586; x_wconf 91' lang='lat'>1</span> <span class='ocrx_word' id='word_1_265' title='bbox 223 3530 363 3601; x_wconf 76' lang='grc' dir='ltr'><strong><em>ἀνατολὴν</em></strong></span> <span class='ocrx_word' id='word_1_266' title='bbox 379 3533 407 3584; x_wconf 89' lang='grc' dir='ltr'>Β</span> <span class='ocrx_word' id='word_1_267' title='bbox 475 3536 508 3585; x_wconf 80' lang='grc'><strong><em>17</em></strong></span> <span class='ocrx_word' id='word_1_268' title='bbox 528 3549 578 3599; x_wconf 89' lang='grc' dir='ltr'><strong><em>μεν</em></strong></span> <span class='ocrx_word' id='word_1_269' title='bbox 597 3528 676 3583; x_wconf 81' lang='lat' dir='ltr'>omis,</span> <span class='ocrx_word' id='word_1_270' title='bbox 695 3528 777 3583; x_wconf 77' lang='lat' dir='ltr'>Plato</span> <span class='ocrx_word' id='word_1_271' title='bbox 794 3531 804 3610; x_wconf 80' lang='grc' dir='ltr'>Ι</span> <span class='ocrx_word' id='word_1_272' title='bbox 813 3530 861 3583; x_wconf 83' lang='grc' dir='ltr'><strong><em>καὶ</em></strong></span> <span class='ocrx_word' id='word_1_273' title='bbox 879 3529 906 3582; x_wconf 87' lang='grc' dir='ltr'><strong><em>τὶ</em></strong></span> <span class='ocrx_word' id='word_1_274' title='bbox 925 3524 1090 3600; x_wconf 84' lang='grc' dir='ltr'><strong><em>γιγνόμενον</em></strong></span> 
     </span>
     <span class='ocr_line' id='line_1_33' title="bbox 15 3598 806 3692; baseline -0.009 -32"><span class='ocrx_word' id='word_1_275' title='bbox 15 3677 21 3692; x_wconf 37' lang='grc' dir='ltr'>ν</span> <span class='ocrx_word' id='word_1_276' title='bbox 78 3623 127 3673; x_wconf 86' lang='grc' dir='ltr'><strong><em>μεν</em></strong></span> <span class='ocrx_word' id='word_1_277' title='bbox 145 3601 191 3658; x_wconf 86' lang='grc' dir='ltr'><strong><em>ἀεί</em></strong></span> <span class='ocrx_word' id='word_1_278' title='bbox 209 3602 292 3658; x_wconf 76' lang='lat' dir='ltr'><strong>Plato</strong></span> <span class='ocrx_word' id='word_1_279' title='bbox 365 3609 398 3656; x_wconf 79' lang='lat'><strong><em>23</em></strong></span> <span class='ocrx_word' id='word_1_280' title='bbox 418 3599 568 3670; x_wconf 68' lang='grc' dir='ltr'><strong><em>λίλοιιοςῧ</em></strong></span> <span class='ocrx_word' id='word_1_281' title='bbox 590 3598 688 3672; x_wconf 85' lang='grc' dir='ltr'><strong><em>Λίβιος</em></strong></span> <span class='ocrx_word' id='word_1_282' title='bbox 707 3599 806 3670; x_wconf 80' lang='lat' dir='ltr'>scripsi</span> 
     </span>
    </p>
   </div>
   <div class='ocr_carea' id='block_1_5' title="bbox 0 0 1291 3996">
    <p class='ocr_par' dir='ltr' id='par_1_9' title="bbox 0 0 1291 3996">
     <span class='ocr_line' id='line_1_34' title="bbox 0 0 1291 3996; baseline 0 0"><span class='ocrx_word' id='word_1_283' title='bbox 0 0 1291 3996; x_wconf 95' lang='lat' dir='ltr'><strong><em> </em></strong></span> 
     </span>
    </p>
   </div>
  </div>
 </body>
</html>
