<?xml version="1.0" encoding="UTF-8"?>
<!DOCTYPE html PUBLIC "-//W3C//DTD XHTML 1.0 Transitional//EN"
    "http://www.w3.org/TR/xhtml1/DTD/xhtml1-transitional.dtd">
<html xmlns="http://www.w3.org/1999/xhtml" xml:lang="en" lang="en">
 <head>
  <title>
</title>
<meta http-equiv="Content-Type" content="text/html;charset=utf-8" />
  <meta name='ocr-system' content='tesseract 3.04.00' />
  <meta name='ocr-capabilities' content='ocr_page ocr_carea ocr_par ocr_line ocrx_word'/>
</head>
<body>
  <div class='ocr_page' id='page_1' title='image "./ioannislaurenti01wuengoog_0107.png"; bbox 0 0 2524 3984; ppageno 0'>
   <div class='ocr_carea' id='block_1_1' title="bbox 178 199 820 265">
    <p class='ocr_par' dir='ltr' id='par_1_1' title="bbox 178 199 820 265">
     <span class='ocr_line' id='line_1_1' title="bbox 178 199 820 265; baseline 0.002 -10"><span class='ocrx_word' id='word_1_1' title='bbox 178 199 200 265; x_wconf 78' lang='lat'>2</span> <span class='ocrx_word' id='word_1_2' title='bbox 557 201 666 255; x_wconf 86' lang='lat' dir='ltr'><strong>LIBER</strong></span> <span class='ocrx_word' id='word_1_3' title='bbox 683 201 820 256; x_wconf 84' lang='lat' dir='ltr'><strong>PRIMUS</strong></span> 
     </span>
    </p>
   </div>
   <div class='ocr_carea' id='block_1_2' title="bbox 68 361 1260 3118">
    <p class='ocr_par' dir='ltr' id='par_1_2' title="bbox 138 361 1195 555">
     <span class='ocr_line' id='line_1_2' title="bbox 138 361 1195 452; baseline 0.003 -25"><span class='ocrx_word' id='word_1_4' title='bbox 138 373 164 426; x_wconf 88' lang='lat' dir='ltr'>X</span> <span class='ocrx_word' id='word_1_5' title='bbox 178 365 260 429; x_wconf 85' lang='grc' dir='ltr'><strong><em>κατὰ</em></strong></span> <span class='ocrx_word' id='word_1_6' title='bbox 290 361 445 450; x_wconf 78' lang='grc' dir='ltr'><strong><em>στέρησιν</em></strong></span> <span class='ocrx_word' id='word_1_7' title='bbox 474 369 599 430; x_wconf 85' lang='grc' dir='ltr'><strong><em>λοῦκον</em></strong></span> <span class='ocrx_word' id='word_1_8' title='bbox 629 366 661 430; x_wconf 84' lang='grc' dir='ltr'><strong><em>οἱ</em></strong></span> <span class='ocrx_word' id='word_1_9' title='bbox 686 363 838 450; x_wconf 80' lang='grc' dir='ltr'><strong><em>Ῥωμαῖοι</em></strong></span> <span class='ocrx_word' id='word_1_10' title='bbox 867 369 1008 431; x_wconf 89' lang='grc' dir='ltr'><strong><em>καλοῦσι</em></strong></span> <span class='ocrx_word' id='word_1_11' title='bbox 1037 368 1122 452; x_wconf 79' lang='grc' dir='ltr'><strong><em>παρὰ</em></strong></span> <span class='ocrx_word' id='word_1_12' title='bbox 1151 366 1195 430; x_wconf 88' lang='grc' dir='ltr'><strong><em>τὸ</em></strong></span> 
     </span>
     <span class='ocr_line' id='line_1_3' title="bbox 179 469 747 604; baseline 0 -68"><span class='ocrx_word' id='word_1_13' title='bbox 179 469 331 555; x_wconf 79' lang='grc' dir='ltr'><strong><em>ἀφεγμές,</em></strong></span> <span class='ocrx_word' id='word_1_14' title='bbox 355 471 399 548; x_wconf 83' lang='grc' dir='ltr'><strong><em>ὡς</em></strong></span> <span class='ocrx_word' id='word_1_15' title='bbox 423 469 547 550; x_wconf 82' lang='grc' dir='ltr'><strong><em>ἀξυλον</em></strong></span> <span class='ocrx_word' id='word_1_16' title='bbox 569 471 634 554; x_wconf 84' lang='grc' dir='ltr'><strong><em>τήν</em></strong></span> <span class='ocrx_word' id='word_1_17' title='bbox 650 470 747 604; x_wconf 82' lang='grc' dir='ltr'><strong><em>ν’λην.</em></strong></span> 
     </span>
    </p>

    <p class='ocr_par' dir='ltr' id='par_1_3' title="bbox 151 575 1244 1306">
     <span class='ocr_line' id='line_1_4' title="bbox 246 575 1244 664; baseline 0.001 -22"><span class='ocrx_word' id='word_1_18' title='bbox 246 577 275 642; x_wconf 91' lang='grc'><strong><em>8.</em></strong></span> <span class='ocrx_word' id='word_1_19' title='bbox 294 577 519 664; x_wconf 73' lang='grc' dir='ltr'><strong><em>Ὁλδόανδρος</em></strong></span> <span class='ocrx_word' id='word_1_20' title='bbox 532 575 667 663; x_wconf 76' lang='grc' dir='ltr'><strong><em>πρῶτος</em></strong></span> <span class='ocrx_word' id='word_1_21' title='bbox 680 575 855 663; x_wconf 77' lang='grc' dir='ltr'><strong><em>νράμματα</em></strong></span> <span class='ocrx_word' id='word_1_22' title='bbox 873 576 937 643; x_wconf 89' lang='grc' dir='ltr'><strong><em>ἀπὸ</em></strong></span> <span class='ocrx_word' id='word_1_23' title='bbox 952 586 1010 662; x_wconf 85' lang='grc' dir='ltr'><strong><em>τής</em></strong></span> <span class='ocrx_word' id='word_1_24' title='bbox 1024 577 1134 644; x_wconf 86' lang='grc' dir='ltr'><strong><em>Ἑλλιί-</em></strong></span> <span class='ocrx_word' id='word_1_25' title='bbox 1147 589 1244 658; x_wconf 86' lang='lat' dir='ltr'>R-rI9</span> 
     </span>
     <span class='ocr_line' id='line_1_5' title="bbox 179 682 1195 770; baseline 0 -20"><span class='ocrx_word' id='word_1_26' title='bbox 179 686 252 769; x_wconf 88' lang='grc' dir='ltr'><strong><em>δος,</em></strong></span> <span class='ocrx_word' id='word_1_27' title='bbox 279 686 320 750; x_wconf 86' lang='grc' dir='ltr'><strong><em>τὰ</em></strong></span> <span class='ocrx_word' id='word_1_28' title='bbox 344 687 506 769; x_wconf 78' lang='grc' dir='ltr'><strong><em>λεγόμενα</em></strong></span> <span class='ocrx_word' id='word_1_29' title='bbox 528 683 695 768; x_wconf 76' lang='grc' dir='ltr'><strong><em>Κάδμου,</em></strong></span> <span class='ocrx_word' id='word_1_30' title='bbox 710 686 757 761; x_wconf 79' lang='grc' dir='ltr'><strong><em>εἰς</em></strong></span> <span class='ocrx_word' id='word_1_31' title='bbox 779 685 842 768; x_wconf 86' lang='grc' dir='ltr'><strong><em>τήν</em></strong></span> <span class='ocrx_word' id='word_1_32' title='bbox 859 682 1004 750; x_wconf 88' lang='grc' dir='ltr'><strong><em>Ἰταλίαν</em></strong></span> <span class='ocrx_word' id='word_1_33' title='bbox 1032 684 1195 770; x_wconf 82' lang='grc' dir='ltr'><strong><em>ἐκόμισεν,</em></strong></span> 
     </span>
     <span class='ocr_line' id='line_1_6' title="bbox 151 787 1194 877; baseline 0.003 -24"><span class='ocrx_word' id='word_1_34' title='bbox 151 791 219 857; x_wconf 83' lang='grc' dir='ltr'>εού</span> <span class='ocrx_word' id='word_1_35' title='bbox 242 799 386 858; x_wconf 88' lang='grc' dir='ltr'><strong><em>τοσαῦτα</em></strong></span> <span class='ocrx_word' id='word_1_36' title='bbox 409 789 480 875; x_wconf 84' lang='grc' dir='ltr'><strong><em>μέν,</em></strong></span> <span class='ocrx_word' id='word_1_37' title='bbox 504 789 565 855; x_wconf 82' lang='grc' dir='ltr'><strong><em>ὅσα</em></strong></span> <span class='ocrx_word' id='word_1_38' title='bbox 587 799 653 856; x_wconf 88' lang='grc' dir='ltr'><strong><em>νῦν</em></strong></span> <span class='ocrx_word' id='word_1_39' title='bbox 676 789 832 856; x_wconf 84' lang='grc' dir='ltr'><strong><em>έστιν-</em></strong></span> <span class='ocrx_word' id='word_1_40' title='bbox 857 787 936 856; x_wconf 72' lang='grc' dir='ltr'><strong><em>οὐδὲ</em></strong></span> <span class='ocrx_word' id='word_1_41' title='bbox 959 793 1023 877; x_wconf 78' lang='grc' dir='ltr'><strong><em>γὰρ</em></strong></span> <span class='ocrx_word' id='word_1_42' title='bbox 1047 791 1149 868; x_wconf 77' lang='grc' dir='ltr'><strong><em>οὕτως</em></strong></span> <span class='ocrx_word' id='word_1_43' title='bbox 1172 791 1194 874; x_wconf 85' lang='grc' dir='ltr'><strong><em>ή</em></strong></span> 
     </span>
     <span class='ocr_line' id='line_1_7' title="bbox 177 894 1195 985; baseline -0.002 -21"><span class='ocrx_word' id='word_1_44' title='bbox 177 899 358 982; x_wconf 79' lang='grc' dir='ltr'><strong><em>παλαιότης</em></strong></span> <span class='ocrx_word' id='word_1_45' title='bbox 379 895 655 983; x_wconf 83' lang='grc' dir='ltr'><strong><em>παραδέδωκε-</em></strong></span> <span class='ocrx_word' id='word_1_46' title='bbox 678 899 765 983; x_wconf 91' lang='grc' dir='ltr'><strong><em>μόνα</em></strong></span> <span class='ocrx_word' id='word_1_47' title='bbox 788 894 825 963; x_wconf 74' lang='grc' dir='ltr'><strong><em>δέ</em></strong></span> <span class='ocrx_word' id='word_1_48' title='bbox 849 896 882 977; x_wconf 77' lang='grc' dir='ltr'><strong><em>ἓξ</em></strong></span> <span class='ocrx_word' id='word_1_49' title='bbox 905 899 988 985; x_wconf 88' lang='grc' dir='ltr'><strong><em>πρὸς</em></strong></span> <span class='ocrx_word' id='word_1_50' title='bbox 1011 909 1081 976; x_wconf 77' lang='grc' dir='ltr'><strong><em>τοῖς</em></strong></span> <span class='ocrx_word' id='word_1_51' title='bbox 1103 896 1195 982; x_wconf 85' lang='grc' dir='ltr'><strong><em>δέκα,</em></strong></span> 
     </span>
     <span class='ocr_line' id='line_1_8' title="bbox 178 1001 1194 1089; baseline 0 -19"><span class='ocrx_word' id='word_1_52' title='bbox 178 1014 238 1071; x_wconf 85' lang='grc' dir='ltr'><strong><em>τοῦ</em></strong></span> <span class='ocrx_word' id='word_1_53' title='bbox 262 1004 278 1083; x_wconf 80' lang='grc' dir='ltr'><strong>ξ</strong></span> <span class='ocrx_word' id='word_1_54' title='bbox 301 1001 356 1069; x_wconf 78' lang='grc' dir='ltr'><strong><em>καὶ</em></strong></span> <span class='ocrx_word' id='word_1_55' title='bbox 383 1012 444 1070; x_wconf 89' lang='grc' dir='ltr'><strong><em>τοῦ</em></strong></span> <span class='ocrx_word' id='word_1_56' title='bbox 467 1007 484 1082; x_wconf 81' lang='grc' dir='ltr'><em>ζ</em></span> <span class='ocrx_word' id='word_1_57' title='bbox 505 1001 560 1068; x_wconf 78' lang='grc' dir='ltr'><strong><em>καὶ</em></strong></span> <span class='ocrx_word' id='word_1_58' title='bbox 587 1013 647 1070; x_wconf 84' lang='grc' dir='ltr'><strong><em>τοῦ</em></strong></span> <span class='ocrx_word' id='word_1_59' title='bbox 671 1015 696 1082; x_wconf 83' lang='grc' dir='ltr'><strong><em>ψ</em></strong></span> <span class='ocrx_word' id='word_1_60' title='bbox 724 1001 799 1069; x_wconf 78' lang='grc' dir='ltr'><strong><em>ἀντὶ</em></strong></span> <span class='ocrx_word' id='word_1_61' title='bbox 826 1005 970 1089; x_wconf 80' lang='grc' dir='ltr'><strong><em>διπλῶν,</em></strong></span> <span class='ocrx_word' id='word_1_62' title='bbox 997 1015 1059 1070; x_wconf 87' lang='grc' dir='ltr'><strong><em>τοῦ</em></strong></span> <span class='ocrx_word' id='word_1_63' title='bbox 1085 1012 1111 1070; x_wconf 77' lang='grc' dir='ltr'><strong><em>δ</em></strong></span> <span class='ocrx_word' id='word_1_64' title='bbox 1137 1003 1194 1070; x_wconf 78' lang='grc' dir='ltr'><strong><em>καὶ</em></strong></span> 
     </span>
     <span class='ocr_line' id='line_1_9' title="bbox 178 1109 1194 1198; baseline -0.003 -19"><span class='ocrx_word' id='word_1_65' title='bbox 178 1122 239 1179; x_wconf 89' lang='grc' dir='ltr'><strong><em>τοῦ</em></strong></span> <span class='ocrx_word' id='word_1_66' title='bbox 262 1138 288 1198; x_wconf 84' lang='grc' dir='ltr'><em>φ</em></span> <span class='ocrx_word' id='word_1_67' title='bbox 311 1110 446 1178; x_wconf 81' lang='grc' dir='ltr'><strong><em>καὶτοῦ</em></strong></span> <span class='ocrx_word' id='word_1_68' title='bbox 469 1137 488 1197; x_wconf 99' lang='grc' dir='ltr'><strong><em>χ</em></strong></span> <span class='ocrx_word' id='word_1_69' title='bbox 511 1109 586 1176; x_wconf 81' lang='grc' dir='ltr'><strong><em>ἀντὶ</em></strong></span> <span class='ocrx_word' id='word_1_70' title='bbox 609 1109 754 1195; x_wconf 86' lang='grc' dir='ltr'><strong><em>δασέων,</em></strong></span> <span class='ocrx_word' id='word_1_71' title='bbox 779 1120 840 1177; x_wconf 85' lang='grc' dir='ltr'><strong><em>τοῦ</em></strong></span> <span class='ocrx_word' id='word_1_72' title='bbox 862 1121 884 1194; x_wconf 82' lang='grc' dir='ltr'><strong><em>η</em></strong></span> <span class='ocrx_word' id='word_1_73' title='bbox 906 1109 1046 1178; x_wconf 78' lang='grc' dir='ltr'><strong><em>καὶτοῦ</em></strong></span> <span class='ocrx_word' id='word_1_74' title='bbox 1069 1138 1095 1178; x_wconf 85' lang='grc' dir='ltr'><strong>ω</strong></span> <span class='ocrx_word' id='word_1_75' title='bbox 1068 1111 1194 1178; x_wconf 84' lang='grc' dir='ltr'><strong><em>ἀντὶ</em></strong></span> 
     </span>
     <span class='ocr_line' id='line_1_10' title="bbox 177 1215 1194 1306; baseline 0.001 -22"><span class='ocrx_word' id='word_1_76' title='bbox 177 1230 313 1306; x_wconf 83' lang='grc' dir='ltr'><strong><em>μακρῶν</em></strong></span> <span class='ocrx_word' id='word_1_77' title='bbox 339 1219 482 1306; x_wconf 76' lang='grc' dir='ltr'><strong><em>ὕστερον</em></strong></span> <span class='ocrx_word' id='word_1_78' title='bbox 507 1216 832 1306; x_wconf 87' lang='grc' dir='ltr'><strong><em>προσεξενρημένων.</em></strong></span> <span class='ocrx_word' id='word_1_79' title='bbox 876 1217 975 1284; x_wconf 80' lang='grc' dir='ltr'><strong><em>πέντε</em></strong></span> <span class='ocrx_word' id='word_1_80' title='bbox 1002 1221 1066 1306; x_wconf 77' lang='grc' dir='ltr'><strong><em>γὰρ</em></strong></span> <span class='ocrx_word' id='word_1_81' title='bbox 1089 1215 1131 1304; x_wconf 84' lang='grc' dir='ltr'><strong><em>ήν</em></strong></span> <span class='ocrx_word' id='word_1_82' title='bbox 1153 1222 1194 1286; x_wconf 86' lang='grc' dir='ltr'><strong><em>τδι</em></strong></span> 
     </span>
    </p>

    <p class='ocr_par' dir='ltr' id='par_1_4' title="bbox 139 1321 1260 1837">
     <span class='ocr_line' id='line_1_11' title="bbox 139 1321 1194 1413; baseline 0.006 -27"><span class='ocrx_word' id='word_1_83' title='bbox 139 1347 164 1386; x_wconf 87' lang='lat'><strong><em>10</em></strong></span> <span class='ocrx_word' id='word_1_84' title='bbox 177 1328 281 1393; x_wconf 80' lang='grc' dir='ltr'><strong><em>πάλαι</em></strong></span> <span class='ocrx_word' id='word_1_85' title='bbox 304 1329 488 1412; x_wconf 80' lang='grc' dir='ltr'><strong><em>φωνήεντα,</em></strong></span> <span class='ocrx_word' id='word_1_86' title='bbox 511 1334 572 1391; x_wconf 85' lang='grc' dir='ltr'><strong><em>τοῦ</em></strong></span> <span class='ocrx_word' id='word_1_87' title='bbox 595 1321 658 1410; x_wconf 73' lang='grc' dir='ltr'><strong><em>μέν</em></strong></span> <span class='ocrx_word' id='word_1_88' title='bbox 675 1334 692 1389; x_wconf 70' lang='grc' dir='ltr'><strong><em>ε</em></strong></span> <span class='ocrx_word' id='word_1_89' title='bbox 711 1328 877 1409; x_wconf 77' lang='grc' dir='ltr'><strong><em>στοιχείου</em></strong></span> <span class='ocrx_word' id='word_1_90' title='bbox 895 1327 958 1410; x_wconf 88' lang='grc' dir='ltr'><strong><em>τήν</em></strong></span> <span class='ocrx_word' id='word_1_91' title='bbox 977 1335 1038 1392; x_wconf 90' lang='grc' dir='ltr'><strong><em>τοῦ</em></strong></span> <span class='ocrx_word' id='word_1_92' title='bbox 1056 1334 1077 1410; x_wconf 77' lang='grc' dir='ltr'><strong><em>η</em></strong></span> <span class='ocrx_word' id='word_1_93' title='bbox 1094 1349 1194 1413; x_wconf 88' lang='grc' dir='ltr'><strong><em>παρε-</em></strong></span> 
     </span>
     <span class='ocr_line' id='line_1_12' title="bbox 177 1428 1194 1521; baseline -0.002 -21"><span class='ocrx_word' id='word_1_94' title='bbox 177 1433 321 1520; x_wconf 86' lang='grc' dir='ltr'><strong><em>χομένου</em></strong></span> <span class='ocrx_word' id='word_1_95' title='bbox 344 1437 469 1521; x_wconf 83' lang='grc' dir='ltr'><strong><em>χρείαν,</em></strong></span> <span class='ocrx_word' id='word_1_96' title='bbox 492 1441 553 1498; x_wconf 88' lang='grc' dir='ltr'><strong><em>τοῦ</em></strong></span> <span class='ocrx_word' id='word_1_97' title='bbox 572 1428 609 1497; x_wconf 74' lang='grc' dir='ltr'><strong><em>δέ</em></strong></span> <span class='ocrx_word' id='word_1_98' title='bbox 627 1441 648 1496; x_wconf 81' lang='grc' dir='ltr'>ὀ</span> <span class='ocrx_word' id='word_1_99' title='bbox 668 1432 729 1515; x_wconf 85' lang='grc' dir='ltr'><strong><em>τήν</em></strong></span> <span class='ocrx_word' id='word_1_100' title='bbox 747 1441 808 1498; x_wconf 87' lang='grc' dir='ltr'><strong><em>τοῦ</em></strong></span> <span class='ocrx_word' id='word_1_101' title='bbox 828 1441 864 1516; x_wconf 71' lang='grc' dir='ltr'><strong><em>οῖ,</em></strong></span> <span class='ocrx_word' id='word_1_102' title='bbox 888 1432 969 1518; x_wconf 86' lang='grc' dir='ltr'><strong><em>ὅπερ</em></strong></span> <span class='ocrx_word' id='word_1_103' title='bbox 988 1435 1037 1499; x_wconf 81' lang='grc' dir='ltr'><strong><em>ἔτι</em></strong></span> <span class='ocrx_word' id='word_1_104' title='bbox 1055 1432 1111 1498; x_wconf 78' lang='grc' dir='ltr'><strong><em>καὶ</em></strong></span> <span class='ocrx_word' id='word_1_105' title='bbox 1128 1442 1194 1498; x_wconf 86' lang='grc' dir='ltr'><strong><em>νῦν</em></strong></span> 
     </span>
     <span class='ocr_line' id='line_1_13' title="bbox 175 1536 1194 1628; baseline -0.001 -22"><span class='ocrx_word' id='word_1_106' title='bbox 175 1543 266 1628; x_wconf 83' lang='grc' dir='ltr'><strong><em>παρὰ</em></strong></span> <span class='ocrx_word' id='word_1_107' title='bbox 284 1541 463 1626; x_wconf 85' lang='grc' dir='ltr'><strong><em>Ῥωμαίοις</em></strong></span> <span class='ocrx_word' id='word_1_108' title='bbox 478 1537 547 1604; x_wconf 81' lang='grc' dir='ltr'><strong><em>έστὶ</em></strong></span> <span class='ocrx_word' id='word_1_109' title='bbox 569 1536 626 1604; x_wconf 82' lang='grc' dir='ltr'><strong><em>καὶ</em></strong></span> <span class='ocrx_word' id='word_1_110' title='bbox 648 1541 739 1626; x_wconf 78' lang='grc' dir='ltr'><strong><em>μόνῳ</em></strong></span> <span class='ocrx_word' id='word_1_111' title='bbox 763 1546 808 1626; x_wconf 69' lang='grc' dir='ltr'><strong><em>τρῖ</em></strong></span> <span class='ocrx_word' id='word_1_112' title='bbox 832 1541 942 1628; x_wconf 77' lang='grc' dir='ltr'><strong><em>χρόνῳ</em></strong></span> <span class='ocrx_word' id='word_1_113' title='bbox 965 1540 1026 1622; x_wconf 85' lang='grc' dir='ltr'><strong><em>τήν</em></strong></span> <span class='ocrx_word' id='word_1_114' title='bbox 1047 1541 1194 1626; x_wconf 87' lang='grc' dir='ltr'><strong><em>δύναμιν</em></strong></span> 
     </span>
     <span class='ocr_line' id='line_1_14' title="bbox 177 1641 1193 1733; baseline -0.001 -20"><span class='ocrx_word' id='word_1_115' title='bbox 177 1647 313 1733; x_wconf 79' lang='grc' dir='ltr'><strong><em>ἀμείβει.</em></strong></span> <span class='ocrx_word' id='word_1_116' title='bbox 353 1645 496 1731; x_wconf 80' lang='grc' dir='ltr'><strong><em>ὕστερον</em></strong></span> <span class='ocrx_word' id='word_1_117' title='bbox 523 1641 560 1709; x_wconf 74' lang='grc' dir='ltr'><strong><em>δέ</em></strong></span> <span class='ocrx_word' id='word_1_118' title='bbox 587 1645 726 1730; x_wconf 88' lang='grc' dir='ltr'><strong><em>Μάρκος</em></strong></span> <span class='ocrx_word' id='word_1_119' title='bbox 755 1646 916 1729; x_wconf 77' lang='grc' dir='ltr'><strong><em>Φλάβιος,</em></strong></span> <span class='ocrx_word' id='word_1_120' title='bbox 946 1647 1193 1731; x_wconf 81' lang='grc' dir='ltr'><strong><em>γραμματιστής</em></strong></span> 
     </span>
     <span class='ocr_line' id='line_1_15' title="bbox 171 1735 1260 1837; baseline 0 -18"><span class='ocrx_word' id='word_1_121' title='bbox 171 1752 307 1837; x_wconf 86' lang='grc' dir='ltr'><strong><em>Ἰταλός,</em></strong></span> <span class='ocrx_word' id='word_1_122' title='bbox 330 1763 400 1829; x_wconf 82' lang='grc' dir='ltr'><strong><em>τοῖς</em></strong></span> <span class='ocrx_word' id='word_1_123' title='bbox 414 1750 574 1835; x_wconf 85' lang='grc' dir='ltr'><strong><em>Ἕλλησιν</em></strong></span> <span class='ocrx_word' id='word_1_124' title='bbox 596 1750 840 1835; x_wconf 67' lang='grc' dir='ltr'><strong><em>ἀκολουθήσας,</em></strong></span> <span class='ocrx_word' id='word_1_125' title='bbox 863 1753 903 1818; x_wconf 80' lang='grc' dir='ltr'><strong><em>τὰ</em></strong></span> <span class='ocrx_word' id='word_1_126' title='bbox 926 1753 1026 1818; x_wconf 78' lang='grc' dir='ltr'><strong><em>λοιποὶ</em></strong></span> <span class='ocrx_word' id='word_1_127' title='bbox 1047 1763 1194 1837; x_wconf 81' lang='grc' dir='ltr'><strong><em>στοιχεῖα</em></strong></span> <span class='ocrx_word' id='word_1_128' title='bbox 1258 1735 1260 1746; x_wconf 44' lang='lat'><strong>⁴</strong></span> 
     </span>
    </p>

    <p class='ocr_par' dir='ltr' id='par_1_5' title="bbox 137 1843 1193 2053">
     <span class='ocr_line' id='line_1_16' title="bbox 137 1857 1193 1945; baseline 0.007 -26"><span class='ocrx_word' id='word_1_129' title='bbox 137 1878 163 1920; x_wconf 87' lang='lat'><strong><em>15</em></strong></span> <span class='ocrx_word' id='word_1_130' title='bbox 177 1869 247 1936; x_wconf 79' lang='grc' dir='ltr'><strong><em>τοῖς</em></strong></span> <span class='ocrx_word' id='word_1_131' title='bbox 260 1858 430 1944; x_wconf 84' lang='grc' dir='ltr'><strong><em>Ῥωμαίοις</em></strong></span> <span class='ocrx_word' id='word_1_132' title='bbox 454 1857 647 1945; x_wconf 75' lang='grc' dir='ltr'><strong><em>ἐπέγραψεν.</em></strong></span> <span class='ocrx_word' id='word_1_133' title='bbox 685 1863 777 1943; x_wconf 78' lang='grc' dir='ltr'><strong><em>φιλεῖ</em></strong></span> <span class='ocrx_word' id='word_1_134' title='bbox 799 1860 863 1945; x_wconf 81' lang='grc' dir='ltr'><strong><em>γὰρ</em></strong></span> <span class='ocrx_word' id='word_1_135' title='bbox 887 1858 906 1924; x_wconf 87' lang='grc' dir='ltr'>ὁ</span> <span class='ocrx_word' id='word_1_136' title='bbox 924 1861 1045 1945; x_wconf 89' lang='grc' dir='ltr'><strong><em>χρόνος</em></strong></span> <span class='ocrx_word' id='word_1_137' title='bbox 1065 1859 1193 1944; x_wconf 86' lang='grc' dir='ltr'><strong><em>έναμεί-</em></strong></span> 
     </span>
     <span class='ocr_line' id='line_1_17' title="bbox 176 1967 520 2053; baseline -0.006 -21"><span class='ocrx_word' id='word_1_138' title='bbox 176 1970 250 2051; x_wconf 93' lang='grc' dir='ltr'><strong><em>βειν</em></strong></span> <span class='ocrx_word' id='word_1_139' title='bbox 272 1968 313 2032; x_wconf 89' lang='grc' dir='ltr'><strong><em>τδι</em></strong></span> <span class='ocrx_word' id='word_1_140' title='bbox 335 1967 520 2053; x_wconf 79' lang='grc' dir='ltr'><strong><em>πράγματα.</em></strong></span> 
     </span>
    </p>

    <p class='ocr_par' dir='ltr' id='par_1_6' title="bbox 174 2071 1231 2373">
     <span class='ocr_line' id='line_1_18' title="bbox 243 2071 1231 2159; baseline -0.001 -21"><span class='ocrx_word' id='word_1_141' title='bbox 243 2074 272 2138; x_wconf 85' lang='grc'><strong><em>9.</em></strong></span> <span class='ocrx_word' id='word_1_142' title='bbox 308 2077 463 2149; x_wconf 88' lang='grc' dir='ltr'><strong><em>Φοίνικες</em></strong></span> <span class='ocrx_word' id='word_1_143' title='bbox 492 2083 619 2159; x_wconf 81' lang='grc' dir='ltr'><strong><em>πρῶτοι</em></strong></span> <span class='ocrx_word' id='word_1_144' title='bbox 650 2073 855 2157; x_wconf 82' lang='grc' dir='ltr'><strong><em>τοκογλύφοι</em></strong></span> <span class='ocrx_word' id='word_1_145' title='bbox 883 2071 942 2138; x_wconf 81' lang='grc' dir='ltr'><strong><em>καὶ</em></strong></span> <span class='ocrx_word' id='word_1_146' title='bbox 975 2074 1193 2158; x_wconf 86' lang='grc' dir='ltr'><strong><em>ὀβολοστάται</em></strong></span> <span class='ocrx_word' id='word_1_147' title='bbox 1202 2089 1231 2138; x_wconf 82' lang='lat'><strong><em>10</em></strong></span> 
     </span>
     <span class='ocr_line' id='line_1_19' title="bbox 175 2176 1192 2265; baseline 0.002 -20"><span class='ocrx_word' id='word_1_148' title='bbox 175 2181 410 2264; x_wconf 82' lang='grc' dir='ltr'><strong><em>τυγχάνοντες,</em></strong></span> <span class='ocrx_word' id='word_1_149' title='bbox 443 2179 617 2265; x_wconf 79' lang='grc' dir='ltr'><strong><em>γράμματα</em></strong></span> <span class='ocrx_word' id='word_1_150' title='bbox 644 2176 700 2243; x_wconf 81' lang='grc' dir='ltr'><strong><em>καὶ</em></strong></span> <span class='ocrx_word' id='word_1_151' title='bbox 731 2181 902 2264; x_wconf 77' lang='grc' dir='ltr'><strong><em>σταθμοὺς</em></strong></span> <span class='ocrx_word' id='word_1_152' title='bbox 931 2178 987 2244; x_wconf 82' lang='grc' dir='ltr'><strong><em>καὶ</em></strong></span> <span class='ocrx_word' id='word_1_153' title='bbox 1015 2179 1127 2258; x_wconf 79' lang='grc' dir='ltr'><strong><em>ἁπλῶς</em></strong></span> <span class='ocrx_word' id='word_1_154' title='bbox 1153 2183 1192 2247; x_wconf 88' lang='grc' dir='ltr'><strong><em>τὸ</em></strong></span> 
     </span>
     <span class='ocr_line' id='line_1_20' title="bbox 174 2284 1192 2373; baseline 0.003 -22"><span class='ocrx_word' id='word_1_155' title='bbox 174 2288 364 2373; x_wconf 85' lang='grc' dir='ltr'><strong><em>κερδαίνειν</em></strong></span> <span class='ocrx_word' id='word_1_156' title='bbox 392 2284 590 2369; x_wconf 79' lang='grc' dir='ltr'><strong><em>ἐπενόησαν,</em></strong></span> <span class='ocrx_word' id='word_1_157' title='bbox 621 2285 705 2350; x_wconf 79' lang='grc' dir='ltr'><strong><em>ὅθεν</em></strong></span> <span class='ocrx_word' id='word_1_158' title='bbox 731 2284 786 2351; x_wconf 81' lang='grc' dir='ltr'><strong><em>καὶ</em></strong></span> <span class='ocrx_word' id='word_1_159' title='bbox 813 2288 981 2369; x_wconf 76' lang='grc' dir='ltr'><strong><em>καπήλους</em></strong></span> <span class='ocrx_word' id='word_1_160' title='bbox 1007 2286 1131 2365; x_wconf 81' lang='grc' dir='ltr'><strong><em>αὐτοὺς</em></strong></span> <span class='ocrx_word' id='word_1_161' title='bbox 1159 2290 1192 2354; x_wconf 77' lang='grc' dir='ltr'><strong><em>οἱ</em></strong></span> 
     </span>
    </p>

    <p class='ocr_par' dir='ltr' id='par_1_7' title="bbox 136 2390 1192 2480">
     <span class='ocr_line' id='line_1_21' title="bbox 136 2390 1192 2480; baseline 0.01 -31"><span class='ocrx_word' id='word_1_162' title='bbox 136 2411 162 2450; x_wconf 79' lang='grc' dir='ltr'><strong><em>εο</em></strong></span> <span class='ocrx_word' id='word_1_163' title='bbox 175 2390 310 2476; x_wconf 83' lang='grc' dir='ltr'><strong><em>ποιηταὶ</em></strong></span> <span class='ocrx_word' id='word_1_164' title='bbox 336 2397 506 2458; x_wconf 89' lang='grc' dir='ltr'><strong><em>καλοῦσιν.</em></strong></span> <span class='ocrx_word' id='word_1_165' title='bbox 556 2390 627 2458; x_wconf 89' lang='grc' dir='ltr'><strong><em>ἀλλ’</em></strong></span> <span class='ocrx_word' id='word_1_166' title='bbox 651 2391 838 2478; x_wconf 85' lang='grc' dir='ltr'><strong><em>έπανίωμεν</em></strong></span> <span class='ocrx_word' id='word_1_167' title='bbox 866 2393 949 2458; x_wconf 78' lang='grc' dir='ltr'><strong><em>ὅθεν</em></strong></span> <span class='ocrx_word' id='word_1_168' title='bbox 975 2391 1192 2480; x_wconf 81' lang='grc' dir='ltr'><strong><em>έξεκλίνομεν.</em></strong></span> 
     </span>
    </p>

    <p class='ocr_par' dir='ltr' id='par_1_8' title="bbox 68 2497 1257 2800">
     <span class='ocr_line' id='line_1_22' title="bbox 68 2497 1227 2585; baseline 0.004 -25"><span class='ocrx_word' id='word_1_169' title='bbox 68 2505 93 2560; x_wconf 87' lang='grc' dir='ltr'>Χ</span> <span class='ocrx_word' id='word_1_170' title='bbox 109 2504 223 2564; x_wconf 83' lang='lat' dir='ltr'>Cedren.</span> <span class='ocrx_word' id='word_1_171' title='bbox 249 2498 299 2563; x_wconf 90' lang='grc'><strong><em>10.</em></strong></span> <span class='ocrx_word' id='word_1_172' title='bbox 318 2501 533 2585; x_wconf 85' lang='grc' dir='ltr'><strong><em>Τρισώματον</em></strong></span> <span class='ocrx_word' id='word_1_173' title='bbox 547 2500 607 2564; x_wconf 92' lang='grc' dir='ltr'><strong><em>τὸν</em></strong></span> <span class='ocrx_word' id='word_1_174' title='bbox 617 2497 795 2585; x_wconf 90' lang='grc' dir='ltr'><strong><em>Γηρυόνην</em></strong></span> <span class='ocrx_word' id='word_1_175' title='bbox 808 2502 923 2584; x_wconf 85' lang='grc' dir='ltr'><strong><em>φασίν,</em></strong></span> <span class='ocrx_word' id='word_1_176' title='bbox 937 2499 998 2584; x_wconf 86' lang='grc' dir='ltr'><strong><em>οὐχ</em></strong></span> <span class='ocrx_word' id='word_1_177' title='bbox 1009 2501 1060 2566; x_wconf 82' lang='grc' dir='ltr'><strong><em>ὅτι</em></strong></span> <span class='ocrx_word' id='word_1_178' title='bbox 1074 2503 1192 2567; x_wconf 75' lang='grc' dir='ltr'><strong><em>τοσού·</em></strong></span> <span class='ocrx_word' id='word_1_179' title='bbox 1202 2519 1227 2566; x_wconf 86' lang='grc'><strong><em>11</em></strong></span> 
     </span>
     <span class='ocr_line' id='line_1_23' title="bbox 175 2604 1191 2696; baseline 0.004 -27"><span class='ocrx_word' id='word_1_180' title='bbox 175 2628 245 2681; x_wconf 92' lang='grc' dir='ltr'><strong><em>τοις</em></strong></span> <span class='ocrx_word' id='word_1_181' title='bbox 275 2604 434 2691; x_wconf 77' lang='grc' dir='ltr'><strong><em>ἐχρήσατο</em></strong></span> <span class='ocrx_word' id='word_1_182' title='bbox 464 2606 628 2691; x_wconf 84' lang='grc' dir='ltr'><strong><em>σώμασιν,</em></strong></span> <span class='ocrx_word' id='word_1_183' title='bbox 661 2604 732 2672; x_wconf 88' lang='grc' dir='ltr'><strong><em>ἀλλ’</em></strong></span> <span class='ocrx_word' id='word_1_184' title='bbox 760 2606 811 2672; x_wconf 86' lang='grc' dir='ltr'><strong><em>ὅτι</em></strong></span> <span class='ocrx_word' id='word_1_185' title='bbox 838 2615 927 2692; x_wconf 79' lang='grc' dir='ltr'><strong><em>τρεῖς</em></strong></span> <span class='ocrx_word' id='word_1_186' title='bbox 954 2615 1051 2690; x_wconf 81' lang='grc' dir='ltr'><strong><em>νῆσοι</em></strong></span> <span class='ocrx_word' id='word_1_187' title='bbox 1080 2607 1117 2672; x_wconf 91' lang='grc' dir='ltr'><strong><em>έν</em></strong></span> <span class='ocrx_word' id='word_1_188' title='bbox 1143 2616 1191 2696; x_wconf 78' lang='grc' dir='ltr'><strong><em>τῷ</em></strong></span> 
     </span>
     <span class='ocr_line' id='line_1_24' title="bbox 175 2711 1257 2800; baseline 0 -24"><span class='ocrx_word' id='word_1_189' title='bbox 175 2711 309 2799; x_wconf 75' lang='grc' dir='ltr'><strong><em>ὠκεανῷ</em></strong></span> <span class='ocrx_word' id='word_1_190' title='bbox 331 2715 479 2797; x_wconf 83' lang='grc' dir='ltr'><strong><em>κείμεναι</em></strong></span> <span class='ocrx_word' id='word_1_191' title='bbox 503 2713 714 2797; x_wconf 78' lang='grc' dir='ltr'><strong><em>συνεμάχουν</em></strong></span> <span class='ocrx_word' id='word_1_192' title='bbox 736 2711 834 2800; x_wconf 74' lang='grc' dir='ltr'><strong><em>αὐτῷ.</em></strong></span> <span class='ocrx_word' id='word_1_193' title='bbox 1256 2771 1257 2776; x_wconf 73' lang='grc'>,</span> 
     </span>
    </p>

    <p class='ocr_par' dir='ltr' id='par_1_9' title="bbox 134 2815 1227 2905">
     <span class='ocr_line' id='line_1_25' title="bbox 134 2815 1227 2905; baseline 0.005 -24"><span class='ocrx_word' id='word_1_194' title='bbox 134 2840 160 2893; x_wconf 80' lang='lat' dir='ltr'>Y</span> <span class='ocrx_word' id='word_1_195' title='bbox 243 2819 293 2882; x_wconf 90' lang='grc'><strong><em>11.</em></strong></span> <span class='ocrx_word' id='word_1_196' title='bbox 315 2816 386 2883; x_wconf 82' lang='grc' dir='ltr'><strong><em>Ὅτι</em></strong></span> <span class='ocrx_word' id='word_1_197' title='bbox 403 2817 552 2905; x_wconf 86' lang='grc' dir='ltr'><strong><em>Ἕρνλον</em></strong></span> <span class='ocrx_word' id='word_1_198' title='bbox 578 2820 638 2883; x_wconf 91' lang='grc' dir='ltr'><strong><em>τὸν</em></strong></span> <span class='ocrx_word' id='word_1_199' title='bbox 665 2815 741 2904; x_wconf 78' lang='grc' dir='ltr'><strong><em>περὶ</em></strong></span> <span class='ocrx_word' id='word_1_200' title='bbox 764 2815 923 2903; x_wconf 88' lang='grc' dir='ltr'><strong><em>Ἰταλίαν,</em></strong></span> <span class='ocrx_word' id='word_1_201' title='bbox 951 2817 992 2884; x_wconf 89' lang='grc' dir='ltr'><strong><em>ὃν</em></strong></span> <span class='ocrx_word' id='word_1_202' title='bbox 1018 2821 1190 2905; x_wconf 88' lang='grc' dir='ltr'><strong><em>κατασχὼν</em></strong></span> <span class='ocrx_word' id='word_1_203' title='bbox 1215 2838 1227 2886; x_wconf 80' lang='lat'><strong>8</strong></span> 
     </span>
    </p>

    <p class='ocr_par' dir='ltr' id='par_1_10' title="bbox 134 2923 1190 3118">
     <span class='ocr_line' id='line_1_26' title="bbox 134 2923 1190 3012; baseline 0.002 -22"><span class='ocrx_word' id='word_1_204' title='bbox 134 2958 159 2999; x_wconf 67' lang='grc' dir='ltr'><strong><em>ις</em></strong></span> <span class='ocrx_word' id='word_1_205' title='bbox 174 2925 360 3010; x_wconf 79' lang='grc' dir='ltr'><strong><em>Εὔανδρος,</em></strong></span> <span class='ocrx_word' id='word_1_206' title='bbox 384 2923 401 2990; x_wconf 88' lang='grc' dir='ltr'>ὁ</span> <span class='ocrx_word' id='word_1_207' title='bbox 425 2934 483 3008; x_wconf 79' lang='grc' dir='ltr'><strong><em>τῆς</em></strong></span> <span class='ocrx_word' id='word_1_208' title='bbox 504 2933 663 3010; x_wconf 78' lang='grc' dir='ltr'><strong><em>μαντικῆς</em></strong></span> <span class='ocrx_word' id='word_1_209' title='bbox 686 2923 882 3010; x_wconf 86' lang='grc' dir='ltr'><strong><em>Καρμέντης</em></strong></span> <span class='ocrx_word' id='word_1_210' title='bbox 909 2927 994 3010; x_wconf 83' lang='grc' dir='ltr'><strong><em>υλός,</em></strong></span> <span class='ocrx_word' id='word_1_211' title='bbox 1024 2928 1098 3011; x_wconf 84' lang='grc' dir='ltr'><strong><em>έσχε</em></strong></span> <span class='ocrx_word' id='word_1_212' title='bbox 1127 2928 1190 3012; x_wconf 86' lang='grc' dir='ltr'><strong><em>τήν</em></strong></span> 
     </span>
     <span class='ocr_line' id='line_1_27' title="bbox 173 3030 1189 3118; baseline 0.002 -20"><span class='ocrx_word' id='word_1_213' title='bbox 173 3033 295 3118; x_wconf 86' lang='grc' dir='ltr'><strong><em>χώραν,</em></strong></span> <span class='ocrx_word' id='word_1_214' title='bbox 323 3035 487 3117; x_wconf 81' lang='grc' dir='ltr'><strong><em>τρίψυχον</em></strong></span> <span class='ocrx_word' id='word_1_215' title='bbox 513 3030 672 3115; x_wconf 79' lang='grc' dir='ltr'><strong><em>γενέσθαι</em></strong></span> <span class='ocrx_word' id='word_1_216' title='bbox 700 3031 718 3097; x_wconf 88' lang='grc' dir='ltr'>ὁ</span> <span class='ocrx_word' id='word_1_217' title='bbox 746 3038 857 3117; x_wconf 77' lang='grc' dir='ltr'><strong><em>μῦθος</em></strong></span> <span class='ocrx_word' id='word_1_218' title='bbox 884 3034 1065 3098; x_wconf 79' lang='grc' dir='ltr'><strong><em>αἰνίττεται</em></strong></span> <span class='ocrx_word' id='word_1_219' title='bbox 1093 3039 1189 3118; x_wconf 85' lang='grc' dir='ltr'><strong><em>φιλο-</em></strong></span> 
     </span>
    </p>
   </div>
   <div class='ocr_carea' id='block_1_3' title="bbox 244 3203 825 3280">
    <p class='ocr_par' dir='ltr' id='par_1_11' title="bbox 244 3203 825 3280">
     <span class='ocr_line' id='line_1_28' title="bbox 244 3203 825 3280; baseline 0 -20"><span class='ocrx_word' id='word_1_220' title='bbox 244 3225 268 3262; x_wconf 88' lang='lat' dir='ltr'><strong><em>v.</em></strong></span> <span class='ocrx_word' id='word_1_221' title='bbox 289 3213 305 3260; x_wconf 82' lang='lat'><strong>2</strong></span> <span class='ocrx_word' id='word_1_222' title='bbox 323 3205 395 3262; x_wconf 86' lang='grc' dir='ltr'><strong><em>Π.’Λ</em></strong></span> <span class='ocrx_word' id='word_1_223' title='bbox 415 3211 465 3260; x_wconf 93' lang='grc'><strong><em>155</em></strong></span> <span class='ocrx_word' id='word_1_224' title='bbox 485 3206 515 3262; x_wconf 79' lang='grc' dir='ltr'><strong><em>ἐν</em></strong></span> <span class='ocrx_word' id='word_1_225' title='bbox 534 3207 624 3280; x_wconf 78' lang='grc' dir='ltr'><strong><em>ἀξόλιμ</em></strong></span> <span class='ocrx_word' id='word_1_226' title='bbox 643 3203 746 3280; x_wconf 74' lang='grc' dir='ltr'><strong><em>ἐμπέσῃ</em></strong></span> <span class='ocrx_word' id='word_1_227' title='bbox 765 3205 825 3278; x_wconf 71' lang='grc' dir='ltr'><strong><em>ὕλη.</em></strong></span> 
     </span>
    </p>
   </div>
   <div class='ocr_carea' id='block_1_4' title="bbox 172 3363 1189 3652">
    <p class='ocr_par' dir='ltr' id='par_1_12' title="bbox 172 3363 1189 3652">
     <span class='ocr_line' id='line_1_29' title="bbox 243 3363 1189 3436; baseline 0.007 -18"><span class='ocrx_word' id='word_1_228' title='bbox 243 3373 301 3420; x_wconf 64' lang='grc' dir='ltr'><strong><em>τό</em></strong></span> <span class='ocrx_word' id='word_1_229' title='bbox 323 3366 374 3436; x_wconf 82' lang='grc' dir='ltr'><strong><em>τήν</em></strong></span> <span class='ocrx_word' id='word_1_230' title='bbox 398 3366 475 3421; x_wconf 76' lang='lat' dir='ltr'>omis,</span> <span class='ocrx_word' id='word_1_231' title='bbox 496 3368 524 3420; x_wconf 92' lang='lat' dir='ltr'><em>B</em></span> <span class='ocrx_word' id='word_1_232' title='bbox 603 3373 618 3422; x_wconf 97' lang='grc'><strong>5</strong></span> <span class='ocrx_word' id='word_1_233' title='bbox 643 3369 676 3422; x_wconf 83' lang='grc' dir='ltr'><strong><em>οά</em></strong></span> <span class='ocrx_word' id='word_1_234' title='bbox 695 3375 816 3422; x_wconf 82' lang='grc' dir='ltr'><strong><em>τοσαῦτα</em></strong></span> <span class='ocrx_word' id='word_1_235' title='bbox 839 3363 994 3422; x_wconf 75' lang='lat' dir='ltr'><strong>Hasius‘</strong></span> <span class='ocrx_word' id='word_1_236' title='bbox 963 3387 1043 3431; x_wconf 88' lang='grc' dir='ltr'><strong><em>ουτος</em></strong></span> <span class='ocrx_word' id='word_1_237' title='bbox 1062 3368 1135 3424; x_wconf 82' lang='grc' dir='ltr'><strong><em>αάτὰ</em></strong></span> <span class='ocrx_word' id='word_1_238' title='bbox 1158 3371 1189 3425; x_wconf 89' lang='lat' dir='ltr'>X</span> 
     </span>
     <span class='ocr_line' id='line_1_30' title="bbox 173 3435 1187 3563; baseline 0.007 -73"><span class='ocrx_word' id='word_1_239' title='bbox 173 3443 189 3490; x_wconf 89' lang='grc'><strong>6</strong></span> <span class='ocrx_word' id='word_1_240' title='bbox 211 3455 253 3490; x_wconf 91' lang='grc' dir='ltr'><strong><em>πα</em></strong></span> <span class='ocrx_word' id='word_1_241' title='bbox 234 3435 409 3563; x_wconf 54' lang='grc' dir='ltr'><strong><em>αραδέδιοκὲ</em></strong></span> <span class='ocrx_word' id='word_1_242' title='bbox 433 3439 535 3506; x_wconf 83' lang='grc' dir='ltr'><strong><em>παρεδ</em></strong></span> <span class='ocrx_word' id='word_1_243' title='bbox 542 3440 570 3492; x_wconf 89' lang='grc' dir='ltr'><strong><em>Β</em></strong></span> <span class='ocrx_word' id='word_1_244' title='bbox 661 3446 675 3493; x_wconf 77' lang='grc'>7</span> <span class='ocrx_word' id='word_1_245' title='bbox 700 3439 748 3494; x_wconf 82' lang='grc' dir='ltr'><strong><em>καλ</em></strong></span> <span class='ocrx_word' id='word_1_246' title='bbox 772 3446 823 3492; x_wconf 83' lang='grc' dir='ltr'><strong><em>τοῦ</em></strong></span> <span class='ocrx_word' id='word_1_247' title='bbox 849 3440 883 3511; x_wconf 72' lang='grc' dir='ltr'><strong><em>ᾧ]</em></strong></span> <span class='ocrx_word' id='word_1_248' title='bbox 909 3440 957 3494; x_wconf 85' lang='grc' dir='ltr'><strong><em>καλ</em></strong></span> <span class='ocrx_word' id='word_1_249' title='bbox 984 3448 1034 3494; x_wconf 82' lang='grc' dir='ltr'><strong><em>τοῦ</em></strong></span> <span class='ocrx_word' id='word_1_250' title='bbox 1062 3440 1141 3498; x_wconf 79' lang='lat' dir='ltr'><strong>omis,</strong></span> <span class='ocrx_word' id='word_1_251' title='bbox 1160 3443 1187 3496; x_wconf 92' lang='lat' dir='ltr'><em>B</em></span> 
     </span>
     <span class='ocr_line' id='line_1_31' title="bbox 174 3508 1187 3581; baseline 0.007 -20"><span class='ocrx_word' id='word_1_252' title='bbox 174 3513 207 3562; x_wconf 84' lang='lat'><strong><em>15</em></strong></span> <span class='ocrx_word' id='word_1_253' title='bbox 233 3508 359 3580; x_wconf 78' lang='grc' dir='ltr'><strong><em>ἀμείβειν</em></strong></span> <span class='ocrx_word' id='word_1_254' title='bbox 513 3514 547 3563; x_wconf 88' lang='grc'><strong><em>18</em></strong></span> <span class='ocrx_word' id='word_1_255' title='bbox 574 3509 743 3581; x_wconf 85' lang='grc' dir='ltr'><strong><em>τυχάνοντες</em></strong></span> <span class='ocrx_word' id='word_1_256' title='bbox 768 3511 796 3563; x_wconf 88' lang='grc' dir='ltr'><strong><em>Α</em></strong></span> <span class='ocrx_word' id='word_1_257' title='bbox 900 3517 934 3564; x_wconf 83' lang='lat'><strong><em>20</em></strong></span> <span class='ocrx_word' id='word_1_258' title='bbox 962 3508 1187 3581; x_wconf 79' lang='grc' dir='ltr'><strong><em>έξεκλίνοιμενΑ</em></strong></span> 
     </span>
     <span class='ocr_line' id='line_1_32' title="bbox 172 3578 947 3652; baseline 0.003 -18"><span class='ocrx_word' id='word_1_259' title='bbox 172 3585 242 3647; x_wconf 74' lang='lat'><strong><em>§10</em></strong></span> <span class='ocrx_word' id='word_1_260' title='bbox 260 3578 360 3651; x_wconf 59' lang='grc' dir='ltr'><strong><em>(ἔθους.</em></strong></span> <span class='ocrx_word' id='word_1_261' title='bbox 380 3580 494 3636; x_wconf 79' lang='lat' dir='ltr'><strong>Cedren.</strong></span> <span class='ocrx_word' id='word_1_262' title='bbox 512 3580 578 3637; x_wconf 81' lang='lat' dir='ltr'><strong>hist.</strong></span> <span class='ocrx_word' id='word_1_263' title='bbox 599 3598 687 3652; x_wconf 83' lang='lat' dir='ltr'>comp.</span> <span class='ocrx_word' id='word_1_264' title='bbox 705 3600 733 3652; x_wconf 87' lang='lat' dir='ltr'><strong><em>p.</em></strong></span> <span class='ocrx_word' id='word_1_265' title='bbox 753 3585 841 3651; x_wconf 73' lang='lat'>298‚24</span> <span class='ocrx_word' id='word_1_266' title='bbox 859 3581 947 3637; x_wconf 89' lang='lat' dir='ltr'><strong>Bonn.</strong></span> 
     </span>
    </p>
   </div>
   <div class='ocr_carea' id='block_1_5' title="bbox 0 0 1266 3984">
    <p class='ocr_par' dir='ltr' id='par_1_13' title="bbox 0 0 1266 3984">
     <span class='ocr_line' id='line_1_33' title="bbox 0 0 1266 3984; baseline 0 0"><span class='ocrx_word' id='word_1_267' title='bbox 0 0 1266 3984; x_wconf 95' lang='lat' dir='ltr'><strong><em> </em></strong></span> 
     </span>
    </p>
   </div>
  </div>
 </body>
</html>
