2530 3988
389 204 498 258 LIBER
516 203 694 270 QUARTUS.
721 204 834 260 MAms
1057 207 1120 271 131

91 366 184 452 μέσα
206 367 359 453 καθάπερ
377 366 397 450 ἡ
422 369 557 454 αδδερία
579 371 675 452 μήνη.
721 369 777 433 ὅτε
799 370 865 454 γάρ
884 368 1027 455 οὐρανὸς
1045 369 1120 436 άσέ-
1133 379 1160 433 X

91 480 213 558 ληνος,
242 469 322 538 οὐδὲ
345 475 450 556 ίβιδες
474 474 591 560 ὁρῶσι,
619 475 741 558 μάουσι
770 471 807 539 δὲ
835 485 905 552 τοῖς
928 476 1121 563 ὀφθαλμοῖς

91 591 225 646 τοῦτον
247 580 308 644 τὸν
329 583 454 666 χρόνον
476 579 531 647 καὶ
554 583 661 647 άσιτοι
685 581 921 668 έγκαρτεροῦσι
944 584 981 648 τὸ
1001 600 1120 666 συγγε-

90 684 152 764 νὲς
186 697 352 771 στοιχεῖον
381 685 615 771 άναμένουσαι.
668 683 747 753 ὁδε
776 686 908 774 κέρκωψ
939 687 1119 775 δηλοτέρας

91 797 166 878 ἔχει
181 795 243 868 τὰς
261 792 440 878 ἐνεργείας·
464 793 518 859 ὅτε
531 795 595 880 γάρ
610 792 701 872 αὔξει
716 796 847 878 σελήνη,
866 794 883 860 ὁ
902 805 969 860 τῶν
989 794 1119 879 ὀφθαλ-
1147 820 1159 860 5

90 913 172 985 μῶν
196 900 318 976 κύκλος
340 901 415 964 τότε
439 899 627 985 εὐρύνεται,
658 900 711 966 ὅτε
735 896 772 965 δὲ
794 910 959 986 μειοῦται,
990 901 1027 966 τὸ
1051 912 1119 966 τῶν

90 1007 258 1093 ὀμμάτων
280 1002 456 1091 περιφερὲς
480 1005 700 1072 συστέλλεται.

37 1123 168 1178 er1136
190 1114 241 1178 77.
261 1110 333 1177 Ὅτι
351 1112 370 1178 ὁ
389 1110 617 1199 Ἀριστοτέλης
636 1114 696 1178 τὸν
710 1112 949 1200 Καλλισθένην
962 1114 1170 1182 ἀπέσκω-ΥΒ

89 1232 161 1300 ψεν
186 1219 291 1284 εἰπὼν
312 1221 372 1285 τὸν
399 1215 461 1304 μὲν
487 1221 643 1306 περιττὸν
670 1229 754 1286 νοῦν
777 1223 879 1305 ἔχειν,
907 1223 967 1288 τὸν
994 1218 1032 1287 δὲ
1059 1220 1117 1288 άν-

88 1328 276 1414 θρώπινον
298 1325 569 1410 ἀποβεβληκέναι.
1129 1355 1156 1394 10

39 1445 168 1499 deesth
193 1433 244 1498 78.
263 1431 335 1499 ’Ότι
359 1433 376 1499 ὁ
395 1431 549 1519 Ἀλφειὸς
571 1435 716 1518 ποταμὸς
739 1433 854 1519 ὁρᾶται
872 1436 1151 1519 καταδυόμενοςὸ

89 1537 158 1626 μὲν
183 1539 222 1606 έν
239 1544 500 1630 Πελοποννήσῳ,
523 1539 752 1625 ἀναδυόμενος
775 1537 813 1607 δὲ
831 1540 868 1606 ἐν
887 1544 1039 1627 Σικελία·
1064 1539 1116 1606 λέ-

89 1663 196 1731 γουσι
226 1641 264 1710 δὲ
292 1644 348 1711 καὶ
377 1648 437 1712 τὸν
465 1649 610 1733 Τίγρητα
639 1647 739 1712 ταύτὸ
767 1657 865 1713 τοῦτο
892 1649 1033 1732 πάσχειν
1060 1646 1114 1714 καὶ

88 1754 155 1818 τὸν
179 1752 296 1817 Λύκον
318 1751 373 1818 καὶ
398 1751 531 1839 ἑτέρους
554 1754 655 1830 τινάς.

40 1870 167 1924 οεοοῖῖῖτ
192 1857 243 1923 79.
264 1857 336 1924 Ὅτι
355 1861 465 1946 ὥσπερ
484 1868 545 1926 τοῦ
564 1861 714 1944 σώματος
731 1869 792 1925 τοῦ
814 1859 975 1947 ἡμετέρου
992 1861 1029 1925 τὸ
1042 1856 1116 1944 μὲν
1129 1887 1155 1928 15

90 1966 238 2050 διαρρεῖ,
261 1966 298 2030 τὸ
323 1962 360 2031 δὲ
383 1967 527 2051 διαπνεῖ,
555 1968 740 2052 διαρρεῖται
762 1963 824 2052 μὲν
845 1967 911 2033 ὑπὸ
935 1976 996 2034 τοῦ
1019 1967 1115 2051 αἵμα-

90 2094 152 2147 τος
175 2072 259 2136 κατὰ
281 2073 340 2148 τὰς
363 2072 503 2158 φλέβας,
527 2073 714 2138 διαπνεῖται
738 2068 775 2137 δὲ
797 2073 862 2139 ὑπὸ
885 2082 945 2139 τοῦ
969 2074 1115 2158 πνεύμα-

89 2201 151 2254 τος
175 2179 257 2242 κατὰ
279 2180 338 2255 τὰς
362 2178 529 2265 ἀρτηρίας,
555 2178 642 2245 οὕτω
665 2177 721 2244 καὶ
744 2188 801 2263 της
824 2190 884 2264 γης
907 2180 944 2246 τὸ
967 2176 1029 2265 μὲν
1046 2180 1113 2246 ὑπὸ

90 2296 164 2350 τῶν
186 2283 336 2368 ὑδάτων,
363 2285 400 2350 τὸ
430 2281 467 2349 δὲ
490 2285 556 2350 ὑπὸ
579 2296 647 2350 τῶν
673 2287 872 2371 πνευμάτων
899 2288 1112 2373 διαρρεῖσθαι

90 2388 151 2456 καὶ
185 2391 414 2476 διαπνεῖσθαι,
452 2391 641 2478 έμφράξεως
678 2389 715 2457 δὲ
746 2392 766 2476 ἢ
799 2394 1060 2480 παρεμπτώσεως
1092 2393 1153 2478 ἢιο

92 2499 310 2575 συνθλίψεως
343 2499 513 2583 συμβάσης
545 2498 678 2585 τρέμειν
713 2500 773 2583 την
809 2507 874 2582 γῆν
910 2500 1019 2587 ὥσπερ
1052 2502 1113 2566 τὸν

92 2607 293 2690 ἄνθρωπον·
316 2601 544 2690 Ἀριστοτέλης
571 2601 608 2670 δὲ
635 2607 682 2696 τὸΙ
696 2605 947 2691 τεθυμιωμένον
971 2616 1030 2691 τῆς
1052 2616 1113 2691 γης

90 2708 150 2776 καὶ
168 2709 306 2794 άτμίζον
324 2711 542 2776 αἰτιᾶται
561 2709 603 2776 δν
621 2707 683 2794 μὲν
701 2710 845 2789 εὐπετῶς
863 2723 937 2799 σχῇ·
958 2715 988 2778 εί
1006 2711 1036 2778 δ’
1060 2704 1111 2797 οὗ,

91 2818 240 2901 βιάζεται
262 2817 324 2900 την
345 2827 419 2901 γῆν.
464 2818 516 2883 ὅτι
543 2817 560 2883 ὁ
588 2818 696 2900 Τάγης
724 2817 761 2882 έν
788 2829 859 2896 τοῖς
882 2836 1112 2904 σεισμοσκοπι-

90 2933 165 2999 κοῖς
192 2920 297 3008 λέγει,
329 2923 374 2999 ὡς
401 2921 437 2988 έν
465 2934 536 2999 ταῖς
562 2921 717 3007 πολέμιον
744 2926 916 3007 κινησεσιν
943 2926 972 2990 εί
1000 2929 1109 3012 συμβῇ
1124 2952 1151 2993 ιι

92 3030 234 3114 σεισμὸν
256 3027 425 3114 γενέσθαι,
449 3032 527 3106 τοὺς
544 3027 620 3115 παρ’
643 3021 693 3106 οἷς
716 3034 843 3113 γίνοιτο
867 3032 997 3108 πάντας
1020 3031 1111 3098 έλατ-

165 3223 191 3259 v.
207 3210 240 3258 23
255 3203 289 3259 cf.
304 3203 472 3259 Aristoteles
486 3204 601 3258 Meteor.
612 3204 685 3274 HL?
704 3223 731 3274 p.
742 3210 795 3260 378
808 3205 919 3260 Bekker
969 3211 1003 3260 24
1017 3205 1109 3277 Tages

93 3275 128 3332 cf.
142 3275 331 3331 Wachsmuth
351 3275 386 3330 de
405 3278 456 3330 ost.
475 3294 502 3346 p.
519 3281 578 3345 110,
596 3282 610 3331 7

163 3455 188 3490 v.
209 3440 226 3488 4
249 3433 405 3503 δειλοτέρας
423 3435 451 3490 Α
542 3437 593 3491 8ὁ
617 3436 695 3491 omis.
719 3437 749 3491 Y
836 3442 852 3490 9
875 3437 960 3492 εἰπὼν
984 3436 1063 3491 omis.
1083 3438 1112 3491 Y

93 3513 127 3561 16
156 3524 192 3562 an
225 3508 344 3575 utroque
376 3506 438 3562 loco
471 3509 627 3576 διαρρεῖται
655 3511 684 3562 et
714 3510 875 3564 διαπυεῖται
908 3507 1107 3564 scribendum?

92 3583 126 3633 23
144 3578 277 3634 lacunam
294 3575 417 3633 indicavi

912 3669 945 3722 9*
