2530 3988
174 207 237 271 122
444 205 552 260 LIBER
570 205 746 271 QUARTUS.
775 204 916 290 APRILIS

132 380 158 434 X
171 371 288 454 παῖδα,
316 372 431 456 τρίτον
449 368 611 454 Ἕλληνος
632 377 694 434 τοῦ
717 369 802 446 Διὸς
825 367 880 433 καὶ
908 369 1041 453 νύμφης
1058 367 1190 453 Ἀγχιά-

172 483 242 561 λης,
265 475 423 563 τέταρτον
441 477 526 553 Διὸς
544 474 599 541 καὶ
621 479 732 560 Θήβης
748 485 807 559 τῆς
826 478 1022 559 Αἰγυπτίας,
1039 473 1191 559 πέμπτον

173 585 233 649 τὸν
264 584 415 666 Λιβάνου
445 581 500 648 καὶ
530 583 669 666 Νύσσης
697 584 758 648 τὸν
787 581 824 647 ἐν
847 580 968 658 Ἰνδοῖς
996 584 1189 666 γενόμενον,

173 688 270 756 ἕκτον
296 691 381 765 Διὸς
408 688 463 754 καί
486 687 685 774 Ἀλκμήνης,
712 688 858 774 ἕβδομον
885 690 969 765 Διὸς
995 687 1051 753 καὶ
1074 691 1190 762 Μαίας

145 822 158 862 5
171 806 228 879 τῆς
242 794 430 872 Ἀτλαντος.

139 913 157 967 S
241 903 292 967 68.
309 901 380 967 ’Ότι
400 903 417 968 ὁ
436 901 594 986 Ἀπελλῆς
617 904 756 988 γράφων
775 904 833 980 τάς
851 904 996 988 Χάριτας
1018 911 1108 987 τρεῖς
1123 910 1230 964 deestflr

174 1011 286 1092 οὔσας,
306 1006 464 1091 Ἀγλαΐαν
487 1008 716 1093 Εὐφροσύνην
737 1009 891 1091 Θάλειαν,
914 1011 994 1092 μίαν
1017 1004 1080 1092 μὲν
1101 1014 1188 1071 ποιεῖ

174 1115 350 1198 ἀπιοῦσαν,
374 1115 436 1180 δύο
459 1109 495 1178 δὲ
511 1112 701 1199 ἐρχομένας·
725 1123 801 1198 μιᾶς
819 1115 883 1199 γὰρ
901 1111 1080 1196 διδομένης
1098 1113 1187 1197 χάρι-

174 1245 230 1298 τος
252 1224 387 1296 πλείους
410 1218 563 1284 ἐπανίασι
586 1229 656 1296 τοῖς
679 1221 870 1286 δεδωκόσιν.

135 1355 161 1394 ιο
242 1327 294 1392 69.
309 1325 380 1392 ’Ὀτι
391 1335 459 1412 πῦρ
474 1375 518 1391 ...
533 1326 748 1412 βησσομέυων
761 1328 959 1411 πνευμάτων
972 1337 1043 1404 τοῖς
1057 1325 1109 1392 νέ-
1123 1334 1226 1390 deeeth

174 1450 273 1517 φεσιν
296 1433 538 1517 ἀποθλίβονται
563 1435 594 1499 οῖ
617 1436 783 1519 κεραυνοί.

133 1552 159 1606 X
242 1541 293 1605 70.
312 1540 357 1604 ‘H
373 1537 410 1605 δὲ
424 1543 576 1624 Μίλητος
593 1541 631 1605 τὸ
649 1539 731 1626 πρὶν
750 1540 897 1606 ἐκαλεῖτο
910 1539 1114 1627 Ἀνακτορία.
1125 1547 1222 1604 ΙῖιΙῖιῖ

243 1647 293 1710 71.
326 1645 529 1731 Ἀμάλθειαν
565 1644 603 1712 δὲ
636 1649 765 1733 τροφὸν
795 1649 897 1731 Διός,
934 1649 996 1731 τήν
1032 1649 1099 1733 ἅμα
1133 1642 1182 1712 καὶ
1196 1657 1221 1706 48

175 1753 309 1839 ἀθρόας
332 1752 385 1818 καί
411 1751 462 1818 ἑνὶ
485 1757 594 1841 χρόνῳ
618 1755 658 1819 τά
682 1756 762 1819 ὔντα
784 1761 830 1842 τῷ
849 1752 909 1819 Διὶ
929 1753 1110 1832 αὔξουσαν·
1132 1755 1180 1818 ὔλ-

133 1887 159 1928 15
173 1868 251 1925 θειν
269 1862 332 1946 γάρ
351 1861 388 1924 τὸ
404 1859 524 1938 αὔξειν.
561 1861 695 1946 Κράτης
714 1855 751 1924 δὲ
769 1860 834 1926 άπὸ
852 1869 913 1926 τοῦ
933 1862 1077 1927 διαίνειν
1094 1881 1178 1926 τουτ-
1246 1909 1247 1973 ή

175 1965 243 2032 ε’στι
267 1968 414 2032 πιαίνειν
436 1968 498 2050 τήν
520 1975 585 2050 μήν
608 1967 764 2051 βούλεται
782 1966 1014 2052 ὀνομασθῆναι
1033 1969 1093 2034 τὸν
1109 1968 1175 2046 Δία,
1245 2043 1246 2054 ¹

174 2074 233 2138 τὸν
263 2074 309 2149 είς
341 2074 449 2138 πάντα
478 2074 649 2157 διήκοντα·
683 2075 912 2150 Ποσειδώνιος
941 2075 1002 2139 τὸν
1030 2078 1098 2140 Διά
1126 2073 1175 2138 τὸν
1245 2069 1246 2145 λ

173 2181 281 2245 πάντα
314 2181 519 2245 διοικοῦντα·
557 2181 752 2266 Χρύσιππος
784 2176 821 2245 δὲ
851 2182 907 2246 διὰ
938 2182 975 2246 τὸ
1010 2181 1052 2246 δι’
1087 2180 1175 2246 αὐτὸν

175 2281 260 2351 εἶναι
283 2287 324 2350 τά
346 2286 462 2350 πάντα.
509 2287 603 2350 ἄλλοι
627 2285 687 2350 τὸν
705 2289 773 2350 Δία
796 2286 977 2369 βούλονται
1000 2287 1174 2372 ὀνομασβή·

134 2419 161 2458 νο
176 2379 231 2457 ναι
255 2392 320 2457 άπὸ
344 2401 405 2458 τοῦ
429 2394 511 2476 δεῖν,
533 2391 683 2457 τουτέστι
706 2393 881 2477 δεσμεύειν
903 2391 959 2458 καὶ
982 2393 1129 2478 συνέχειν
1143 2391 1172 2455 τὸ

177 2501 310 2583 σύμπαν
332 2501 508 2582 αἰσθητόν
535 2501 630 2565 άλλοι
653 2498 718 2564 άπὸ
742 2509 803 2564 τοῦ
826 2503 893 2583 ζήν.
938 2496 1026 2576 τινὲς
1049 2497 1086 2566 δὲ
1107 2497 1173 2564 κατὰ

176 2607 235 2670 τὸν
257 2605 403 2690 ήρωῖκὸν
421 2603 477 2670 καὶ
498 2606 655 2691 μεριστὸν
674 2608 777 2688 λόγον
795 2616 884 2691 τρεῖς
902 2610 989 2683 Δίας
1007 2602 1092 2673 εἶναι
1109 2604 1172 2690 βού-
1241 2517 1243 2658 δ

176 2718 307 2796 λονται,
334 2710 394 2777 ἕνα
416 2709 478 2799 μὲν
501 2709 663 2798 Αῖθέρος,
690 2714 751 2777 τὸν
774 2708 811 2777 δὲ
836 2710 951 2799 ἕτερον
978 2712 1015 2778 ἐν
1034 2712 1171 2800 Ἀρκαδία

175 2825 347 2904 τεχθῆναι,
370 2817 403 2898 ἐξ
427 2815 468 2884 οὗ
491 2837 596 2904 φασιν
613 2817 774 2902 Ἀθηνᾶν,
797 2823 911 2904 τρίτον
935 2817 972 2884 δὲ
989 2821 1050 2885 τὸν
1068 2823 1169 2905 Κρῆτα

247 3048 273 3084 v.
290 3035 323 3083 15
342 3029 451 3084 Crates:
471 3029 658 3083 Wachsmuth
677 3028 712 3083 de
731 3027 843 3083 Crassete
862 3029 982 3085 Mallota
1000 3029 1053 3101 frg.
1068 3037 1083 3085 8

247 3244 271 3279 v.
289 3231 302 3279 1
319 3222 464 3295 ἂγχιάδης,
477 3224 513 3292 A,
529 3241 598 3280 corr.
608 3226 647 3296 A,
700 3231 780 3279 3τοῦ
794 3222 911 3296 λιβάνου
925 3226 953 3278 Β
969 3227 973 3296 λ
990 3225 1089 3297 ίνδοῖς]
1102 3224 1169 3299 ίνλοῖς

177 3298 204 3351 Β
278 3292 450 3364 4ἀλκμένης
468 3296 496 3350 Β
574 3302 608 3350 10
626 3293 843 3365 πυρησσομένων
861 3296 893 3364 S,
917 3295 1049 3350 lacunam
1070 3293 1169 3350 indicam

179 3374 211 3421 13
231 3364 376 3436 ἄμαλθίαν
395 3367 423 3421 Β
439 3368 443 3439 l
458 3365 510 3436 τήν
528 3375 578 3421 τοῦ
597 3366 655 3436 ἅμα
670 3367 709 3436 Χ,
727 3375 777 3422 τοῦ
797 3366 851 3421 del.
871 3368 914 3421 Rr
987 3373 1021 3422 14
1039 3366 1126 3422 ὔλδειν
1141 3363 1169 3430 Χ,

177 3438 278 3493 ἅλῖειν
297 3438 341 3492 Rr
414 3443 445 3491 17
464 3437 514 3493 τὸν
538 3438 577 3500 εἰς
590 3471 624 3496 ,-
639 3439 688 3494 τὸν
707 3435 764 3492 Δία
787 3437 865 3492 omis.
886 3438 914 3492 B
988 3444 1020 3493 18
1040 3438 1170 3509 χρύσιπιιος

177 3506 226 3563 δία
244 3507 340 3563 τοῖονῦ
358 3508 392 3562 τὰ
412 3508 506 3563 πάντα
523 3510 560 3578 A,
578 3509 733 3580 χρύσιππος
751 3507 782 3564 δὲ
799 3507 848 3563 διὰ
865 3509 898 3564 τὸ
917 3511 1028 3565 οίωνεῖν
1046 3509 1080 3564 τὰ
1096 3507 1170 3564 πάντα

178 3581 219 3647 Β,
244 3595 313 3633 corr.
332 3580 375 3633 Rr
456 3583 565 3646 ε1ζεῖν
582 3581 610 3634 A
691 3587 725 3636 22
744 3580 860 3650 ήροικδν
879 3581 907 3635 A
989 3587 1024 3638 24
1042 3579 1170 3650 ιιρήτηνά
