2524 3984
149 204 201 280 iix
553 222 760 277 rainelmo

152 393 295 468 occurrit,
327 412 356 468 p.
385 394 471 468 4,17
501 393 628 469 uterque
651 410 754 452 vocem
789 388 915 468 ψήφους
948 389 1076 466 omittit,
1110 409 1174 467 qua

152 481 261 542 omissa
284 480 434 542 claudicat
456 481 613 540 sententia.
650 500 747 557 neque
770 484 873 539 tamen
892 481 944 539 aut
958 480 985 538 R
999 499 1015 538 e
1031 479 1172 538 lischen·

151 571 284 632 dcrfiano
317 571 371 628 aut
401 570 453 629 ille
481 589 516 629 ex
548 570 602 631 hoo
635 571 681 630 est
716 569 892 645 exscriptis:
922 568 1058 644 proprias
1092 567 1174 628 enim

151 663 278 736 uterque
310 658 442 720 servavit
472 658 628 734 lectioneS,
664 658 718 718 ubi
749 657 968 719 contaminatus
1008 657 1085 716 alter
1116 660 1173 734 est,

153 750 230 809 alter
258 749 388 826 integer;
421 747 549 824 exempli
581 766 670 807 causa
700 747 850 824 proferam
879 746 1174 806 Tischendortianum

152 838 367 913 interpolatum
389 836 436 896 his
458 837 544 896 locis:
567 857 596 913 p.
622 838 650 912 3,
661 839 703 897 20
726 834 917 916 Αὐγουστείω
941 827 1101 917 (Γουστείω
1120 831 1174 913 R),

151 947 181 1004 p.
197 927 278 1001 6,14
294 921 444 985 exterreret
457 921 604 1002 (σκέπεται
617 917 668 1006 R).
701 928 734 985 at
747 944 850 985 veram
863 924 994 985 servavit
1012 924 1174 983 lectionem

152 1015 198 1074 his
221 1014 308 1089 lociS,
332 1014 438 1090 quibus
462 1018 620 1092 corruptus
645 1015 689 1072 est
711 1014 751 1072 R:
774 1034 803 1090 p.
819 1015 848 1090 3,
863 1016 904 1072 22
924 1009 1053 1074 ἅσκεπον
1074 1008 1173 1090 (ἄσκε-

151 1123 226 1164 πτον
244 1095 294 1185 R),
317 1123 346 1178 p.
362 1104 443 1178 5,13
467 1111 551 1182 στῆτε
570 1099 683 1182 Πέρσαι
702 1098 829 1184 (Πέρσαι
849 1101 933 1163 omis.
948 1098 996 1180 R).
1034 1101 1173 1180 adsigne-

152 1211 219 1252 mus
242 1191 337 1270 igitur
364 1191 391 1250 R
415 1195 445 1252 et
468 1191 760 1251 Tischendoriianum
787 1191 841 1250 uni
869 1190 1024 1268 eidemque
1048 1192 1173 1251 arche·

152 1274 273 1358 typo,l
303 1280 382 1357 quod
413 1283 514 1340 tamen
546 1299 612 1340 cnm
641 1280 714 1356 ipsis
744 1279 903 1340 Laurentii
932 1279 1080 1340 codicibus
1110 1299 1174 1340 non

153 1389 270 1447 semper
296 1369 467 1446 congruisse
496 1368 717 1429 demonstratur
745 1388 794 1446 e0,
823 1369 903 1446 quod
924 1390 953 1446 p.
978 1371 1057 1444 4,17
1083 1369 1174 1429 omit·

152 1459 230 1520 titur
243 1478 302 1518 vox
315 1457 450 1535 ψήφους,
468 1458 500 1516 in
514 1457 650 1518 codicum
663 1458 691 1516 X
704 1458 872 1518 recensione
886 1458 1005 1518 servata
1020 1449 1062 1539 (p.
1074 1449 1173 1539 64,3).

153 1548 186 1607 in
209 1547 351 1622 editione,
375 1566 411 1605 ne
435 1549 590 1625 oneratam
613 1546 687 1606 satis
709 1547 908 1624 plinimorum
931 1546 1064 1606 codicum
1087 1545 1175 1622 siglis

154 1640 185 1696 et
206 1634 385 1696 lectionibus
407 1635 475 1711 plns
497 1635 578 1695 iusto
602 1655 767 1713 gravarem,
790 1655 886 1712 neque
905 1635 1012 1695 codicis
1032 1635 1174 1694 Tischen·

155 1724 281 1785 doriiani
307 1743 403 1800 neque
431 1724 512 1783 illius
542 1725 697 1800 archetypi
724 1726 812 1784 notas
839 1725 951 1800 recepi3
978 1725 1010 1782 in
1038 1723 1176 1785 codicum

155 1815 312 1874 stemmate
335 1812 415 1870 infra
439 1815 560 1873 exarato
583 1813 778 1890 archetypum
796 1813 937 1874 asterisco
956 1813 1068 1888 notavi,
1092 1812 1176 1888 quod

156 1902 289 1963 omnium
312 1900 535 1978 deperditorum
559 1903 692 1962 codicum
715 1901 834 1979 signum
858 1920 921 1962 esse
943 1901 1034 1962 volui.

63 2021 68 2030 ·
102 2031 119 2060 s.
222 1991 347 2051 Praeter
359 1991 413 2050 hos
432 1993 534 2050 autem
552 1991 625 2050 duos
649 1990 763 2051 codices
782 1991 835 2050 alii
854 2010 974 2068 quoque
995 1988 1177 2067 superstites

69 2083 128 2115 raa.
156 2082 228 2140 sunt
248 2083 340 2140 testes
364 2099 480 2156 eorum,
512 2099 590 2157 quae
617 2079 650 2138 in
676 2079 771 2156 primo
799 2080 986 2156 secundoque
1014 2078 1121 2140 codicis
1146 2079 1178 2138 a

156 2168 303 2246 capitibus
326 2172 502 2229 narrantur:
526 2168 672 2229 Suidam
690 2168 756 2230 dico
780 2171 811 2228 et
828 2171 982 2228 auctorem
1005 2166 1177 2249 Πατρέων

154 2256 578 2331 Κωνσταντινουπόλεως.
624 2276 659 2317 ae
687 2258 723 2317 de
750 2277 840 2333 nexu,
870 2257 924 2335 qui
953 2258 1032 2316 inter
1059 2258 1113 2319 hos
1143 2259 1177 2316 et

155 2346 310 2406 Laurentii
325 2346 439 2408 codices
452 2346 541 2406 modo
555 2347 694 2407 laudatos
707 2346 873 2424 intercedit,
893 2345 1076 2422 scripsenmt
1094 2364 1175 2405 com·

155 2435 255 2511 plures
269 2435 327 2494 viri
342 2434 435 2510 docti,
454 2435 567 2495 scilicet
585 2435 724 2495 Schultze
744 2437 859 2512 quaest.
873 2435 947 2512 Lyd.
962 2455 991 2512 p.
1007 2436 1036 2511 5,
1055 2433 1176 2494 Traube

154 2523 270 2583 Libam.
303 2523 369 2584 erit.
400 2544 429 2600 p.
461 2525 517 2600 28,
552 2524 664 2603 Preger
695 2524 924 2602 programmatis
961 2524 1048 2583 modo
1086 2522 1175 2583 allati

155 2633 184 2689 p.
209 2614 250 2671 28
274 2631 347 2689 sqq,
371 2612 423 2672 sed
450 2613 592 2689 quoniam
618 2633 672 2674 nec
701 2612 809 2672 Suidae
837 2632 892 2673 neo
915 2612 1054 2693 Πατρίων
1080 2612 1175 2672 rerba

155 2701 212 2760 ulli
234 2701 303 2760 usui
325 2705 395 2762 sunt
416 2702 573 2763 Laurentii
594 2701 703 2761 librum
726 2702 882 2762 restituere
901 2702 1087 2776 conantibus,
1108 2719 1174 2759 rem

90 2847 92 2852 .
156 2793 255 2850 aotam
287 2809 375 2869 agere
407 2811 466 2851 non
503 2791 592 2866 libet,
628 2791 684 2850 hoc
720 2793 840 2851 tantum
870 2809 1023 2867 moneam,
1079 2793 1176 2850 trum·

39 3354 130 3396 Suidaa

156 2899 215 2957 que
239 2881 391 2939 auctorem
419 2879 527 2939 adiisse
558 2879 671 2939 codices
701 2882 871 2939 nostrorum
901 2880 1021 2957 quidem
1051 2878 1177 2952 similes,

155 2968 207 3028 sed
230 2987 290 3028 non
314 2968 444 3044 eosdem3
467 2967 527 3029 alio
551 2988 587 3027 ex
608 2968 692 3028 fonte
714 2969 823 3028 hausta
846 2987 908 3028 esse
933 2987 981 3044 ea,
1004 2968 1111 3046 quibus
1135 2967 1178 3028 ab

155 3057 237 3117 Ret
260 3056 518 3118 Tischendorfiano
549 3056 719 3134 discrepant
749 3056 855 3118 Suidas
887 3061 917 3118 et
944 3057 1073 3138 Πάτριας
1105 3075 1176 3133 pro-

155 3147 225 3224 pius
248 3146 287 3206 ad
309 3145 505 3206 Laurentium
532 3146 671 3206 accedere
699 3145 834 3223 Suidam,
861 3147 980 3225 longius
1009 3146 1046 3206 ab
1071 3165 1105 3206 eo
1129 3144 1175 3204 di·

157 3240 237 3296 stare
260 3235 383 3316 Πάτρια.

226 3324 360 3402 Cumque
386 3325 443 3384 hoo
469 3325 534 3385 loco
562 3323 751 3384 inciderimus
779 3325 811 3383 in
834 3323 944 3384 Suidae
971 3323 1174 3402 lexicographi

233 3527 242 3559 ¹
266 3527 458 3584 intercessisse
485 3528 573 3585 talem
598 3528 724 3585 codicem
753 3529 827 3584 inter
851 3530 960 3599 Lydum
986 3531 1015 3583 et
1040 3527 1178 3583 Tischen·

158 3598 313 3654 dorfianum
331 3599 404 3655 dixit
421 3599 562 3656 Traubius
581 3616 700 3670 quoque,
718 3599 827 3656 Libam.
847 3601 907 3655 orit.
926 3619 953 3671 p.
974 3605 1015 3654 29.
