<?xml version="1.0" encoding="UTF-8"?>
<!DOCTYPE html PUBLIC "-//W3C//DTD XHTML 1.0 Transitional//EN"
    "http://www.w3.org/TR/xhtml1/DTD/xhtml1-transitional.dtd">
<html xmlns="http://www.w3.org/1999/xhtml" xml:lang="en" lang="en">
 <head>
  <title>
</title>
<meta http-equiv="Content-Type" content="text/html;charset=utf-8" />
  <meta name='ocr-system' content='tesseract 3.04.00' />
  <meta name='ocr-capabilities' content='ocr_page ocr_carea ocr_par ocr_line ocrx_word'/>
</head>
<body>
  <div class='ocr_page' id='page_1' title='image "./ioannislaurenti01wuengoog_0158.png"; bbox 0 0 2556 3996; ppageno 0'>
   <div class='ocr_carea' id='block_1_1' title="bbox 439 195 1087 260">
    <p class='ocr_par' dir='ltr' id='par_1_1' title="bbox 439 195 1087 260">
     <span class='ocr_line' id='line_1_1' title="bbox 439 195 1087 260; baseline -0.002 -9"><span class='ocrx_word' id='word_1_1' title='bbox 439 196 549 252; x_wconf 80' lang='lat' dir='ltr'>LIBER</span> <span class='ocrx_word' id='word_1_2' title='bbox 566 195 722 252; x_wconf 81' lang='lat' dir='ltr'>TERTIUS</span> <span class='ocrx_word' id='word_1_3' title='bbox 1045 195 1087 260; x_wconf 81' lang='lat'><strong><em>53</em></strong></span> 
     </span>
    </p>
   </div>
   <div class='ocr_carea' id='block_1_2' title="bbox 17 357 1159 2366">
    <p class='ocr_par' dir='ltr' id='par_1_2' title="bbox 17 357 1159 2366">
     <span class='ocr_line' id='line_1_2' title="bbox 68 357 1159 446; baseline -0.003 -20"><span class='ocrx_word' id='word_1_4' title='bbox 68 385 186 444; x_wconf 89' lang='grc' dir='ltr'><strong><em>χονται</em></strong></span> <span class='ocrx_word' id='word_1_5' title='bbox 212 365 368 445; x_wconf 89' lang='grc' dir='ltr'><strong><em>γίνεσθαι</em></strong></span> <span class='ocrx_word' id='word_1_6' title='bbox 395 362 479 446; x_wconf 91' lang='grc' dir='ltr'><strong><em>πρὸς</em></strong></span> <span class='ocrx_word' id='word_1_7' title='bbox 507 362 567 444; x_wconf 84' lang='grc' dir='ltr'><strong><em>τήν</em></strong></span> <span class='ocrx_word' id='word_1_8' title='bbox 594 369 652 443; x_wconf 79' lang='grc' dir='ltr'><strong><em>τῆς</em></strong></span> <span class='ocrx_word' id='word_1_9' title='bbox 680 361 819 444; x_wconf 77' lang='grc' dir='ltr'><strong><em>σελήνης</em></strong></span> <span class='ocrx_word' id='word_1_10' title='bbox 848 360 1008 445; x_wconf 77' lang='grc' dir='ltr'><strong><em>περίοδον</em></strong></span> <span class='ocrx_word' id='word_1_11' title='bbox 1035 357 1091 425; x_wconf 83' lang='grc' dir='ltr'><strong><em>καὶ</em></strong></span> <span class='ocrx_word' id='word_1_12' title='bbox 1105 369 1159 422; x_wconf 90' lang='grc' dir='ltr'><strong><em>ΗΡ</em></strong></span> 
     </span>
     <span class='ocr_line' id='line_1_3' title="bbox 68 464 1090 554; baseline 0 -23"><span class='ocrx_word' id='word_1_13' title='bbox 68 468 133 532; x_wconf 90' lang='grc' dir='ltr'><strong><em>τὸν</em></strong></span> <span class='ocrx_word' id='word_1_14' title='bbox 155 467 300 554; x_wconf 90' lang='grc' dir='ltr'><strong><em>ἀριθμὸν</em></strong></span> <span class='ocrx_word' id='word_1_15' title='bbox 324 477 381 552; x_wconf 79' lang='grc' dir='ltr'><strong><em>τῆς</em></strong></span> <span class='ocrx_word' id='word_1_16' title='bbox 404 467 531 551; x_wconf 79' lang='grc' dir='ltr'><strong><em>ἐκείνης</em></strong></span> <span class='ocrx_word' id='word_1_17' title='bbox 553 467 687 552; x_wconf 80' lang='grc' dir='ltr'><strong><em>ἡμερῶν</em></strong></span> <span class='ocrx_word' id='word_1_18' title='bbox 716 464 772 531; x_wconf 78' lang='grc' dir='ltr'><strong><em>καὶ</em></strong></span> <span class='ocrx_word' id='word_1_19' title='bbox 795 464 890 531; x_wconf 81' lang='grc' dir='ltr'><strong><em>αὐτοὶ</em></strong></span> <span class='ocrx_word' id='word_1_20' title='bbox 918 469 1090 551; x_wconf 80' lang='grc' dir='ltr'><strong><em>γινόμενοι</em></strong></span> 
     </span>
     <span class='ocr_line' id='line_1_4' title="bbox 68 571 1089 658; baseline 0.001 -21"><span class='ocrx_word' id='word_1_21' title='bbox 68 571 128 638; x_wconf 83' lang='grc' dir='ltr'><strong><em>καὶ</em></strong></span> <span class='ocrx_word' id='word_1_22' title='bbox 150 572 384 658; x_wconf 88' lang='grc' dir='ltr'><strong><em>ἀπογινόμενοι</em></strong></span> <span class='ocrx_word' id='word_1_23' title='bbox 402 572 456 638; x_wconf 81' lang='grc' dir='ltr'><strong><em>καὶ</em></strong></span> <span class='ocrx_word' id='word_1_24' title='bbox 481 574 734 658; x_wconf 87' lang='grc' dir='ltr'><strong><em>πληθυνόμενοι</em></strong></span> <span class='ocrx_word' id='word_1_25' title='bbox 756 571 812 638; x_wconf 78' lang='grc' dir='ltr'><strong><em>καὶ</em></strong></span> <span class='ocrx_word' id='word_1_26' title='bbox 831 574 1032 657; x_wconf 90' lang='grc' dir='ltr'><strong><em>μειούμενοι.</em></strong></span> <span class='ocrx_word' id='word_1_27' title='bbox 1071 572 1089 638; x_wconf 86' lang='grc' dir='ltr'><strong>ὁ</strong></span> 
     </span>
     <span class='ocr_line' id='line_1_5' title="bbox 71 676 1090 766; baseline 0.002 -24"><span class='ocrx_word' id='word_1_28' title='bbox 71 676 106 742; x_wconf 88' lang='grc' dir='ltr'><strong><em>δ’</em></strong></span> <span class='ocrx_word' id='word_1_29' title='bbox 124 679 221 756; x_wconf 88' lang='grc' dir='ltr'><strong><em>αὐτὸς</em></strong></span> <span class='ocrx_word' id='word_1_30' title='bbox 245 681 411 766; x_wconf 86' lang='grc' dir='ltr'><strong><em>ίστορικὸς</em></strong></span> <span class='ocrx_word' id='word_1_31' title='bbox 430 679 517 763; x_wconf 91' lang='grc' dir='ltr'><strong><em>λέγει</em></strong></span> <span class='ocrx_word' id='word_1_32' title='bbox 536 678 592 745; x_wconf 82' lang='grc' dir='ltr'><strong><em>καὶ</em></strong></span> <span class='ocrx_word' id='word_1_33' title='bbox 610 681 650 745; x_wconf 81' lang='grc' dir='ltr'><strong><em>τά</em></strong></span> <span class='ocrx_word' id='word_1_34' title='bbox 668 691 737 745; x_wconf 81' lang='grc' dir='ltr'><strong><em>τῶν</em></strong></span> <span class='ocrx_word' id='word_1_35' title='bbox 755 683 951 745; x_wconf 75' lang='grc' dir='ltr'><strong><em>θαλασσίων</em></strong></span> <span class='ocrx_word' id='word_1_36' title='bbox 969 677 1090 763; x_wconf 83' lang='grc' dir='ltr'><strong><em>ἐχίνων</em></strong></span> 
     </span>
     <span class='ocr_line' id='line_1_6' title="bbox 71 783 1130 871; baseline 0.001 -22"><span class='ocrx_word' id='word_1_37' title='bbox 71 783 123 871; x_wconf 78' lang='grc' dir='ltr'><strong><em>ᾠὰ</em></strong></span> <span class='ocrx_word' id='word_1_38' title='bbox 145 787 180 852; x_wconf 89' lang='grc' dir='ltr'><strong><em>τὸ</em></strong></span> <span class='ocrx_word' id='word_1_39' title='bbox 203 787 284 851; x_wconf 87' lang='grc' dir='ltr'><strong><em>αὐτὸ</em></strong></span> <span class='ocrx_word' id='word_1_40' title='bbox 308 787 456 870; x_wconf 81' lang='grc' dir='ltr'><strong><em>πάσχειν.</em></strong></span> <span class='ocrx_word' id='word_1_41' title='bbox 864 809 868 816; x_wconf 77' lang='grc'><em>“</em></span> <span class='ocrx_word' id='word_1_42' title='bbox 1116 802 1130 842; x_wconf 81' lang='lat'>5</span> 
     </span>
     <span class='ocr_line' id='line_1_7' title="bbox 17 886 1130 977; baseline 0.002 -23"><span class='ocrx_word' id='word_1_43' title='bbox 17 902 134 969; x_wconf 75' lang='lat' dir='ltr'>RrIILS</span> <span class='ocrx_word' id='word_1_44' title='bbox 159 893 207 957; x_wconf 78' lang='lat'><strong><em>12.</em></strong></span> <span class='ocrx_word' id='word_1_45' title='bbox 230 891 444 977; x_wconf 79' lang='grc' dir='ltr'><strong><em>Ἀναξιμένης</em></strong></span> <span class='ocrx_word' id='word_1_46' title='bbox 466 895 583 957; x_wconf 80' lang='grc' dir='ltr'><strong><em>τοίνυν</em></strong></span> <span class='ocrx_word' id='word_1_47' title='bbox 606 891 731 956; x_wconf 84' lang='grc' dir='ltr'><strong><em>κύκλον</em></strong></span> <span class='ocrx_word' id='word_1_48' title='bbox 753 892 815 974; x_wconf 83' lang='grc' dir='ltr'><strong><em>τήν</em></strong></span> <span class='ocrx_word' id='word_1_49' title='bbox 838 893 981 974; x_wconf 80' lang='grc' dir='ltr'><strong><em>σελήνην</em></strong></span> <span class='ocrx_word' id='word_1_50' title='bbox 1003 886 1090 956; x_wconf 77' lang='grc' dir='ltr'><strong><em>εἶναι</em></strong></span> <span class='ocrx_word' id='word_1_51' title='bbox 1104 901 1130 954; x_wconf 86' lang='grc' dir='ltr'>Χ</span> 
     </span>
     <span class='ocr_line' id='line_1_8' title="bbox 72 999 1092 1083; baseline -0.002 -19"><span class='ocrx_word' id='word_1_52' title='bbox 72 999 225 1081; x_wconf 82' lang='grc' dir='ltr'><strong><em>βούλεται</em></strong></span> <span class='ocrx_word' id='word_1_53' title='bbox 249 999 647 1065; x_wconf 75' lang='grc' dir='ltr'><strong><em>ἐννεακαιδεκαπλασίονα</em></strong></span> <span class='ocrx_word' id='word_1_54' title='bbox 669 1006 728 1081; x_wconf 86' lang='grc' dir='ltr'><strong><em>τής</em></strong></span> <span class='ocrx_word' id='word_1_55' title='bbox 750 1007 826 1081; x_wconf 79' lang='grc' dir='ltr'><strong><em>γῆς,</em></strong></span> <span class='ocrx_word' id='word_1_56' title='bbox 853 1000 962 1083; x_wconf 91' lang='grc' dir='ltr'><strong><em>πλήρη</em></strong></span> <span class='ocrx_word' id='word_1_57' title='bbox 985 999 1092 1083; x_wconf 90' lang='grc' dir='ltr'><strong><em>πυρὸς</em></strong></span> 
     </span>
     <span class='ocr_line' id='line_1_9' title="bbox 73 1100 1092 1192; baseline -0.001 -22"><span class='ocrx_word' id='word_1_58' title='bbox 73 1107 179 1192; x_wconf 84' lang='grc' dir='ltr'><strong><em>ὥσπερ</em></strong></span> <span class='ocrx_word' id='word_1_59' title='bbox 193 1108 295 1190; x_wconf 87' lang='grc' dir='ltr'><strong><em>&lt;τὸν&gt;</em></strong></span> <span class='ocrx_word' id='word_1_60' title='bbox 314 1116 375 1172; x_wconf 91' lang='grc' dir='ltr'><strong><em>τοῦ</em></strong></span> <span class='ocrx_word' id='word_1_61' title='bbox 392 1106 501 1189; x_wconf 83' lang='grc' dir='ltr'><strong><em>ήλίου,</em></strong></span> <span class='ocrx_word' id='word_1_62' title='bbox 524 1105 720 1189; x_wconf 76' lang='grc' dir='ltr'><strong><em>Ξενοφάνης</em></strong></span> <span class='ocrx_word' id='word_1_63' title='bbox 744 1101 781 1170; x_wconf 72' lang='grc' dir='ltr'><strong><em>δέ</em></strong></span> <span class='ocrx_word' id='word_1_64' title='bbox 802 1103 904 1189; x_wconf 82' lang='grc' dir='ltr'><strong><em>νέφος</em></strong></span> <span class='ocrx_word' id='word_1_65' title='bbox 927 1100 1013 1170; x_wconf 83' lang='grc' dir='ltr'><strong><em>εἶναι</em></strong></span> <span class='ocrx_word' id='word_1_66' title='bbox 1035 1127 1092 1170; x_wconf 93' lang='grc' dir='ltr'><strong><em>πε-</em></strong></span> 
     </span>
     <span class='ocr_line' id='line_1_10' title="bbox 73 1209 1092 1298; baseline 0.001 -23"><span class='ocrx_word' id='word_1_67' title='bbox 73 1213 280 1298; x_wconf 91' lang='grc' dir='ltr'><strong><em>πυρωμένον,</em></strong></span> <span class='ocrx_word' id='word_1_68' title='bbox 298 1215 330 1279; x_wconf 82' lang='grc' dir='ltr'><strong><em>ολ</em></strong></span> <span class='ocrx_word' id='word_1_69' title='bbox 344 1211 490 1278; x_wconf 78' lang='grc' dir='ltr'><strong><em>Στωικοί</em></strong></span> <span class='ocrx_word' id='word_1_70' title='bbox 504 1213 623 1298; x_wconf 84' lang='grc' dir='ltr'><strong><em>μικτήν</em></strong></span> <span class='ocrx_word' id='word_1_71' title='bbox 636 1213 742 1298; x_wconf 90' lang='grc' dir='ltr'><strong><em>πυρὸς</em></strong></span> <span class='ocrx_word' id='word_1_72' title='bbox 755 1209 810 1276; x_wconf 85' lang='grc' dir='ltr'><strong><em>καὶ</em></strong></span> <span class='ocrx_word' id='word_1_73' title='bbox 825 1211 931 1298; x_wconf 81' lang='grc' dir='ltr'><strong><em>ἀέρος,</em></strong></span> <span class='ocrx_word' id='word_1_74' title='bbox 947 1213 1092 1278; x_wconf 83' lang='grc' dir='ltr'><strong><em>Πλάτων</em></strong></span> 
     </span>
     <span class='ocr_line' id='line_1_11' title="bbox 74 1317 1131 1405; baseline -0.002 -23"><span class='ocrx_word' id='word_1_75' title='bbox 74 1317 109 1382; x_wconf 82' lang='grc' dir='ltr'><strong><em>ἐκ</em></strong></span> <span class='ocrx_word' id='word_1_76' title='bbox 130 1324 283 1397; x_wconf 88' lang='grc' dir='ltr'><strong><em>πλείονος</em></strong></span> <span class='ocrx_word' id='word_1_77' title='bbox 306 1329 367 1385; x_wconf 89' lang='grc' dir='ltr'><strong><em>τοῦ</em></strong></span> <span class='ocrx_word' id='word_1_78' title='bbox 390 1320 578 1405; x_wconf 80' lang='grc' dir='ltr'><strong><em>πυρώδους,</em></strong></span> <span class='ocrx_word' id='word_1_79' title='bbox 597 1317 820 1404; x_wconf 86' lang='grc' dir='ltr'><strong><em>Ἀναξαγόρας</em></strong></span> <span class='ocrx_word' id='word_1_80' title='bbox 842 1317 897 1383; x_wconf 84' lang='grc' dir='ltr'><strong><em>καὶ</em></strong></span> <span class='ocrx_word' id='word_1_81' title='bbox 921 1321 1091 1404; x_wconf 86' lang='grc' dir='ltr'><strong><em>Δημόκρι-</em></strong></span> <span class='ocrx_word' id='word_1_82' title='bbox 1104 1341 1131 1380; x_wconf 78' lang='grc' dir='ltr'><strong><em>ιο</em></strong></span> 
     </span>
     <span class='ocr_line' id='line_1_12' title="bbox 74 1422 1091 1512; baseline -0.001 -23"><span class='ocrx_word' id='word_1_83' title='bbox 74 1448 128 1500; x_wconf 83' lang='grc' dir='ltr'><strong><em>τος</em></strong></span> <span class='ocrx_word' id='word_1_84' title='bbox 150 1426 317 1511; x_wconf 83' lang='grc' dir='ltr'><strong><em>στερέωμα</em></strong></span> <span class='ocrx_word' id='word_1_85' title='bbox 340 1427 517 1512; x_wconf 87' lang='grc' dir='ltr'><strong><em>διάπυρον,</em></strong></span> <span class='ocrx_word' id='word_1_86' title='bbox 540 1429 618 1510; x_wconf 88' lang='grc' dir='ltr'><strong><em>έχον</em></strong></span> <span class='ocrx_word' id='word_1_87' title='bbox 641 1425 678 1490; x_wconf 85' lang='grc' dir='ltr'><strong><em>έν</em></strong></span> <span class='ocrx_word' id='word_1_88' title='bbox 702 1423 807 1512; x_wconf 73' lang='grc' dir='ltr'><strong><em>ἑαυτῷ</em></strong></span> <span class='ocrx_word' id='word_1_89' title='bbox 830 1426 928 1490; x_wconf 91' lang='grc' dir='ltr'><strong><em>πεδία</em></strong></span> <span class='ocrx_word' id='word_1_90' title='bbox 950 1422 1006 1489; x_wconf 79' lang='grc' dir='ltr'><strong><em>καὶ</em></strong></span> <span class='ocrx_word' id='word_1_91' title='bbox 1029 1426 1091 1508; x_wconf 87' lang='grc' dir='ltr'><strong><em>όρη</em></strong></span> 
     </span>
     <span class='ocr_line' id='line_1_13' title="bbox 73 1529 1092 1619; baseline -0.001 -23"><span class='ocrx_word' id='word_1_92' title='bbox 73 1531 128 1596; x_wconf 79' lang='grc' dir='ltr'><strong><em>καί</em></strong></span> <span class='ocrx_word' id='word_1_93' title='bbox 147 1535 331 1619; x_wconf 88' lang='grc' dir='ltr'><strong><em>φάραγγας,</em></strong></span> <span class='ocrx_word' id='word_1_94' title='bbox 351 1533 564 1618; x_wconf 89' lang='grc' dir='ltr'><strong><em>Ἡράκλειτος</em></strong></span> <span class='ocrx_word' id='word_1_95' title='bbox 581 1542 646 1615; x_wconf 85' lang='grc' dir='ltr'><strong><em>γήν</em></strong></span> <span class='ocrx_word' id='word_1_96' title='bbox 665 1532 782 1617; x_wconf 88' lang='grc' dir='ltr'><strong><em>ὁμίχλη</em></strong></span> <span class='ocrx_word' id='word_1_97' title='bbox 801 1529 1092 1618; x_wconf 79' lang='grc' dir='ltr'><strong><em>περιειλημμένην,</em></strong></span> 
     </span>
     <span class='ocr_line' id='line_1_14' title="bbox 75 1634 1087 1726; baseline -0.002 -23"><span class='ocrx_word' id='word_1_98' title='bbox 75 1643 280 1726; x_wconf 73' lang='grc' dir='ltr'><strong><em>Πυθαγόρας</em></strong></span> <span class='ocrx_word' id='word_1_99' title='bbox 302 1664 340 1723; x_wconf 88' lang='grc' dir='ltr'><strong><em>γε</em></strong></span> <span class='ocrx_word' id='word_1_100' title='bbox 363 1640 429 1724; x_wconf 83' lang='grc' dir='ltr'><strong><em>μήν</em></strong></span> <span class='ocrx_word' id='word_1_101' title='bbox 451 1635 627 1725; x_wconf 67' lang='grc' dir='ltr'><strong><em>πυροειδὲς</em></strong></span> <span class='ocrx_word' id='word_1_102' title='bbox 646 1650 747 1723; x_wconf 84' lang='grc' dir='ltr'><strong><em>σῶμα.</em></strong></span> <span class='ocrx_word' id='word_1_103' title='bbox 784 1636 860 1724; x_wconf 74' lang='grc' dir='ltr'><strong><em>περὶ</em></strong></span> <span class='ocrx_word' id='word_1_104' title='bbox 880 1634 918 1703; x_wconf 70' lang='grc' dir='ltr'><strong><em>δέ</em></strong></span> <span class='ocrx_word' id='word_1_105' title='bbox 936 1647 997 1702; x_wconf 91' lang='grc' dir='ltr'><strong><em>τοῦ</em></strong></span> <span class='ocrx_word' id='word_1_106' title='bbox 1015 1635 1087 1702; x_wconf 88' lang='grc' dir='ltr'><strong><em>κατ’</em></strong></span> 
     </span>
     <span class='ocr_line' id='line_1_15' title="bbox 76 1741 1093 1831; baseline 0 -22"><span class='ocrx_word' id='word_1_107' title='bbox 76 1745 176 1830; x_wconf 84' lang='grc' dir='ltr'><strong><em>αὐτήν</em></strong></span> <span class='ocrx_word' id='word_1_108' title='bbox 208 1747 318 1831; x_wconf 87' lang='grc' dir='ltr'><strong><em>φωτὸς</em></strong></span> <span class='ocrx_word' id='word_1_109' title='bbox 355 1746 510 1830; x_wconf 81' lang='grc' dir='ltr'><strong><em>ἐροῦμεν,</em></strong></span> <span class='ocrx_word' id='word_1_110' title='bbox 545 1746 590 1821; x_wconf 82' lang='grc' dir='ltr'><strong><em>ὡς</em></strong></span> <span class='ocrx_word' id='word_1_111' title='bbox 617 1745 877 1831; x_wconf 86' lang='grc' dir='ltr'><strong><em>Ἀναξίμανδρος</em></strong></span> <span class='ocrx_word' id='word_1_112' title='bbox 908 1741 970 1829; x_wconf 75' lang='grc' dir='ltr'><strong><em>μέν</em></strong></span> <span class='ocrx_word' id='word_1_113' title='bbox 1002 1745 1093 1809; x_wconf 85' lang='grc' dir='ltr'><strong><em>ίδιον</em></strong></span> 
     </span>
     <span class='ocr_line' id='line_1_16' title="bbox 75 1847 1132 1939; baseline -0.004 -21"><span class='ocrx_word' id='word_1_114' title='bbox 75 1853 177 1937; x_wconf 85' lang='grc' dir='ltr'><strong><em>αὐτήν</em></strong></span> <span class='ocrx_word' id='word_1_115' title='bbox 200 1864 272 1938; x_wconf 85' lang='grc' dir='ltr'><strong><em>φῦς</em></strong></span> <span class='ocrx_word' id='word_1_116' title='bbox 295 1855 384 1936; x_wconf 81' lang='grc' dir='ltr'><strong><em>ἔχειν</em></strong></span> <span class='ocrx_word' id='word_1_117' title='bbox 411 1854 581 1936; x_wconf 83' lang='grc' dir='ltr'><strong><em>βούλεται,</em></strong></span> <span class='ocrx_word' id='word_1_118' title='bbox 610 1852 807 1939; x_wconf 83' lang='grc' dir='ltr'><strong><em>ἀραιότερον</em></strong></span> <span class='ocrx_word' id='word_1_119' title='bbox 835 1851 875 1917; x_wconf 96' lang='grc' dir='ltr'><strong><em>δέ</em></strong></span> <span class='ocrx_word' id='word_1_120' title='bbox 899 1875 983 1934; x_wconf 90' lang='grc' dir='ltr'><strong><em>πως,</em></strong></span> <span class='ocrx_word' id='word_1_121' title='bbox 1012 1851 1030 1917; x_wconf 89' lang='grc' dir='ltr'>ὁ</span> <span class='ocrx_word' id='word_1_122' title='bbox 1055 1847 1091 1916; x_wconf 72' lang='grc' dir='ltr'><strong><em>δέ</em></strong></span> <span class='ocrx_word' id='word_1_123' title='bbox 1105 1873 1132 1913; x_wconf 84' lang='lat'><strong><em>15</em></strong></span> 
     </span>
     <span class='ocr_line' id='line_1_17' title="bbox 71 1954 1158 2046; baseline -0.003 -21"><span class='ocrx_word' id='word_1_124' title='bbox 71 1957 234 2044; x_wconf 82' lang='grc' dir='ltr'><strong><em>Ἀντιφῶν</em></strong></span> <span class='ocrx_word' id='word_1_125' title='bbox 263 1961 337 2046; x_wconf 85' lang='grc' dir='ltr'><strong><em>λδίφ</em></strong></span> <span class='ocrx_word' id='word_1_126' title='bbox 361 1954 422 2043; x_wconf 74' lang='grc' dir='ltr'><strong><em>μέν</em></strong></span> <span class='ocrx_word' id='word_1_127' title='bbox 445 1958 562 2042; x_wconf 82' lang='grc' dir='ltr'><strong><em>φέγγει</em></strong></span> <span class='ocrx_word' id='word_1_128' title='bbox 586 1960 728 2043; x_wconf 89' lang='grc' dir='ltr'><strong><em>λάμπειν</em></strong></span> <span class='ocrx_word' id='word_1_129' title='bbox 750 1969 812 2043; x_wconf 81' lang='grc' dir='ltr'><strong><em>τήν</em></strong></span> <span class='ocrx_word' id='word_1_130' title='bbox 835 1961 979 2043; x_wconf 79' lang='grc' dir='ltr'><strong><em>σελήνην</em></strong></span> <span class='ocrx_word' id='word_1_131' title='bbox 1002 1961 1095 2042; x_wconf 90' lang='grc' dir='ltr'><strong><em>φησί,</em></strong></span> <span class='ocrx_word' id='word_1_132' title='bbox 1109 1968 1158 2022; x_wconf 86' lang='lat' dir='ltr'><strong><em>XS</em></strong></span> 
     </span>
     <span class='ocr_line' id='line_1_18' title="bbox 76 2063 1094 2152; baseline 0 -23"><span class='ocrx_word' id='word_1_133' title='bbox 76 2067 110 2129; x_wconf 91' lang='grc' dir='ltr'><strong><em>τὸ</em></strong></span> <span class='ocrx_word' id='word_1_134' title='bbox 132 2063 170 2131; x_wconf 74' lang='grc' dir='ltr'><strong><em>δέ</em></strong></span> <span class='ocrx_word' id='word_1_135' title='bbox 193 2065 491 2151; x_wconf 87' lang='grc' dir='ltr'><strong><em>ἀποκρυπτόμενον</em></strong></span> <span class='ocrx_word' id='word_1_136' title='bbox 512 2064 588 2151; x_wconf 82' lang='grc' dir='ltr'><strong><em>περὶ</em></strong></span> <span class='ocrx_word' id='word_1_137' title='bbox 612 2064 718 2150; x_wconf 83' lang='grc' dir='ltr'><strong><em>αὐτὴν</em></strong></span> <span class='ocrx_word' id='word_1_138' title='bbox 739 2066 805 2132; x_wconf 83' lang='grc' dir='ltr'><strong><em>ὑπὸ</em></strong></span> <span class='ocrx_word' id='word_1_139' title='bbox 829 2075 887 2149; x_wconf 86' lang='grc' dir='ltr'><strong><em>τής</em></strong></span> <span class='ocrx_word' id='word_1_140' title='bbox 904 2067 1094 2152; x_wconf 77' lang='grc' dir='ltr'><strong><em>προσβολῆς</em></strong></span> 
     </span>
     <span class='ocr_line' id='line_1_19' title="bbox 76 2169 1093 2258; baseline -0.001 -21"><span class='ocrx_word' id='word_1_141' title='bbox 76 2182 131 2237; x_wconf 92' lang='grc' dir='ltr'><strong><em>τοῦ</em></strong></span> <span class='ocrx_word' id='word_1_142' title='bbox 159 2172 258 2255; x_wconf 85' lang='grc' dir='ltr'><strong><em>ήλίου</em></strong></span> <span class='ocrx_word' id='word_1_143' title='bbox 281 2170 533 2258; x_wconf 75' lang='grc' dir='ltr'><strong><em>ἀμαυροῦσθαι,</em></strong></span> <span class='ocrx_word' id='word_1_144' title='bbox 565 2176 755 2256; x_wconf 86' lang='grc' dir='ltr'><strong><em>πεφυκότος</em></strong></span> <span class='ocrx_word' id='word_1_145' title='bbox 786 2182 847 2238; x_wconf 88' lang='grc' dir='ltr'><strong><em>τοῦ</em></strong></span> <span class='ocrx_word' id='word_1_146' title='bbox 876 2169 1093 2258; x_wconf 78' lang='grc' dir='ltr'><strong><em>ἰσχυροτέρου</em></strong></span> 
     </span>
     <span class='ocr_line' id='line_1_20' title="bbox 77 2275 1093 2366; baseline -0.002 -22"><span class='ocrx_word' id='word_1_147' title='bbox 77 2279 182 2362; x_wconf 88' lang='grc' dir='ltr'><strong><em>φωτὸς</em></strong></span> <span class='ocrx_word' id='word_1_148' title='bbox 205 2279 242 2343; x_wconf 87' lang='grc' dir='ltr'><strong><em>τὸ</em></strong></span> <span class='ocrx_word' id='word_1_149' title='bbox 266 2277 509 2365; x_wconf 87' lang='grc' dir='ltr'><strong><em>ἀσθενέστερον</em></strong></span> <span class='ocrx_word' id='word_1_150' title='bbox 532 2279 716 2366; x_wconf 86' lang='grc' dir='ltr'><strong><em>ἀμαυροῦν,</em></strong></span> <span class='ocrx_word' id='word_1_151' title='bbox 741 2279 758 2344; x_wconf 84' lang='grc' dir='ltr'><strong>ὃ</strong></span> <span class='ocrx_word' id='word_1_152' title='bbox 783 2280 824 2364; x_wconf 85' lang='grc' dir='ltr'><strong><em>δή</em></strong></span> <span class='ocrx_word' id='word_1_153' title='bbox 844 2275 1093 2364; x_wconf 81' lang='grc' dir='ltr'><strong><em>συμβαίνεικαὶ</em></strong></span> 
     </span>
    </p>
   </div>
   <div class='ocr_carea' id='block_1_3' title="bbox 80 2470 1094 2897">
    <p class='ocr_par' dir='ltr' id='par_1_3' title="bbox 80 2470 1094 2897">
     <span class='ocr_line' id='line_1_21' title="bbox 145 2470 1094 2544; baseline 0.002 -20"><span class='ocrx_word' id='word_1_154' title='bbox 145 2489 170 2526; x_wconf 90' lang='lat' dir='ltr'><strong><em>v.</em></strong></span> <span class='ocrx_word' id='word_1_155' title='bbox 187 2477 203 2525; x_wconf 89' lang='grc'><strong>6</strong></span> <span class='ocrx_word' id='word_1_156' title='bbox 221 2471 421 2544; x_wconf 74' lang='lat' dir='ltr'>Anaximenes]</span> <span class='ocrx_word' id='word_1_157' title='bbox 445 2470 531 2524; x_wconf 91' lang='lat' dir='ltr'><strong>immo</strong></span> <span class='ocrx_word' id='word_1_158' title='bbox 549 2471 760 2526; x_wconf 77' lang='lat' dir='ltr'><strong>Anaximander</strong></span> <span class='ocrx_word' id='word_1_159' title='bbox 777 2471 855 2526; x_wconf 83' lang='lat' dir='ltr'><strong>Diels</strong></span> <span class='ocrx_word' id='word_1_160' title='bbox 874 2471 943 2525; x_wconf 86' lang='lat' dir='ltr'>Dox.</span> <span class='ocrx_word' id='word_1_161' title='bbox 960 2471 1005 2525; x_wconf 81' lang='lat' dir='ltr'><strong><em>Gr.</em></strong></span> <span class='ocrx_word' id='word_1_162' title='bbox 1021 2476 1094 2526; x_wconf 73' lang='lat'><strong><em>355⁸</em></strong></span> 
     </span>
     <span class='ocr_line' id='line_1_22' title="bbox 80 2541 1093 2623; baseline 0 -27"><span class='ocrx_word' id='word_1_163' title='bbox 80 2543 139 2598; x_wconf 77' lang='lat' dir='ltr'><strong>adn.</strong></span> <span class='ocrx_word' id='word_1_164' title='bbox 232 2549 248 2598; x_wconf 90' lang='lat'>8</span> <span class='ocrx_word' id='word_1_165' title='bbox 267 2543 454 2623; x_wconf 80' lang='lat' dir='ltr'>Xenophanes</span> <span class='ocrx_word' id='word_1_166' title='bbox 473 2541 541 2596; x_wconf 90' lang='lat' dir='ltr'>ibid.</span> <span class='ocrx_word' id='word_1_167' title='bbox 560 2562 587 2613; x_wconf 90' lang='lat' dir='ltr'><strong><em>p.</em></strong></span> <span class='ocrx_word' id='word_1_168' title='bbox 604 2550 675 2597; x_wconf 71' lang='lat'>356⁸</span> <span class='ocrx_word' id='word_1_169' title='bbox 694 2544 790 2598; x_wconf 79' lang='lat' dir='ltr'><strong>adn.4</strong></span> <span class='ocrx_word' id='word_1_170' title='bbox 881 2549 896 2596; x_wconf 89' lang='grc'>9</span> <span class='ocrx_word' id='word_1_171' title='bbox 916 2541 1004 2596; x_wconf 74' lang='lat' dir='ltr'><strong>stoici</strong></span> <span class='ocrx_word' id='word_1_172' title='bbox 1022 2541 1093 2596; x_wconf 89' lang='lat' dir='ltr'><strong>ibid.</strong></span> 
     </span>
     <span class='ocr_line' id='line_1_23' title="bbox 82 2612 1092 2687; baseline -0.001 -19"><span class='ocrx_word' id='word_1_173' title='bbox 82 2615 140 2669; x_wconf 82' lang='lat' dir='ltr'><strong>adn.</strong></span> <span class='ocrx_word' id='word_1_174' title='bbox 157 2619 172 2669; x_wconf 81' lang='grc' dir='ltr'>ὅ</span> <span class='ocrx_word' id='word_1_175' title='bbox 190 2614 194 2687; x_wconf 76' lang='grc' dir='ltr'>Ι</span> <span class='ocrx_word' id='word_1_176' title='bbox 210 2614 293 2668; x_wconf 75' lang='lat' dir='ltr'>Plato</span> <span class='ocrx_word' id='word_1_177' title='bbox 311 2613 381 2668; x_wconf 83' lang='lat' dir='ltr'><strong>ib1d.</strong></span> <span class='ocrx_word' id='word_1_178' title='bbox 398 2614 461 2668; x_wconf 83' lang='lat' dir='ltr'><strong>adn.</strong></span> <span class='ocrx_word' id='word_1_179' title='bbox 478 2621 493 2668; x_wconf 87' lang='lat'><strong>6</strong></span> <span class='ocrx_word' id='word_1_180' title='bbox 568 2620 602 2668; x_wconf 91' lang='lat'><strong><em>10</em></strong></span> <span class='ocrx_word' id='word_1_181' title='bbox 620 2615 813 2684; x_wconf 80' lang='lat' dir='ltr'><strong>Anaxagoras,</strong></span> <span class='ocrx_word' id='word_1_182' title='bbox 831 2613 1008 2668; x_wconf 76' lang='lat' dir='ltr'>Democritus</span> <span class='ocrx_word' id='word_1_183' title='bbox 1022 2612 1092 2667; x_wconf 90' lang='lat' dir='ltr'>ibid.</span> 
     </span>
     <span class='ocr_line' id='line_1_24' title="bbox 82 2683 1092 2755; baseline -0.001 -16"><span class='ocrx_word' id='word_1_184' title='bbox 82 2686 141 2739; x_wconf 80' lang='lat' dir='ltr'><strong>adn.</strong></span> <span class='ocrx_word' id='word_1_185' title='bbox 158 2692 172 2739; x_wconf 86' lang='grc'><strong>9</strong></span> <span class='ocrx_word' id='word_1_186' title='bbox 261 2691 294 2739; x_wconf 82' lang='lat'><strong><em>12</em></strong></span> <span class='ocrx_word' id='word_1_187' title='bbox 313 2684 474 2740; x_wconf 70' lang='lat' dir='ltr'>Heraclitus</span> <span class='ocrx_word' id='word_1_188' title='bbox 493 2684 563 2740; x_wconf 89' lang='lat' dir='ltr'><strong>ibid.</strong></span> <span class='ocrx_word' id='word_1_189' title='bbox 579 2685 642 2739; x_wconf 77' lang='lat' dir='ltr'><strong>adn.</strong></span> <span class='ocrx_word' id='word_1_190' title='bbox 660 2691 693 2739; x_wconf 85' lang='lat'><strong><em>13</em></strong></span> <span class='ocrx_word' id='word_1_191' title='bbox 776 2692 808 2740; x_wconf 85' lang='lat'><strong><em>13</em></strong></span> <span class='ocrx_word' id='word_1_192' title='bbox 827 2685 1004 2755; x_wconf 68' lang='lat' dir='ltr'><strong>Pythagoras</strong></span> <span class='ocrx_word' id='word_1_193' title='bbox 1023 2683 1092 2738; x_wconf 89' lang='lat' dir='ltr'><strong>ibid.</strong></span> 
     </span>
     <span class='ocr_line' id='line_1_25' title="bbox 81 2755 1092 2826; baseline -0.003 -15"><span class='ocrx_word' id='word_1_194' title='bbox 81 2776 104 2826; x_wconf 91' lang='lat' dir='ltr'><strong><em>p.</em></strong></span> <span class='ocrx_word' id='word_1_195' title='bbox 126 2763 193 2811; x_wconf 62' lang='grc' dir='ltr'><strong><em>357*ι</em></strong></span> <span class='ocrx_word' id='word_1_196' title='bbox 218 2757 282 2811; x_wconf 78' lang='lat' dir='ltr'><strong>adn,</strong></span> <span class='ocrx_word' id='word_1_197' title='bbox 305 2762 339 2810; x_wconf 84' lang='lat'><strong><em>14</em></strong></span> <span class='ocrx_word' id='word_1_198' title='bbox 448 2761 482 2811; x_wconf 84' lang='lat'><strong><em>14</em></strong></span> <span class='ocrx_word' id='word_1_199' title='bbox 505 2756 714 2810; x_wconf 80' lang='lat' dir='ltr'><strong>Anaximander</strong></span> <span class='ocrx_word' id='word_1_200' title='bbox 741 2755 810 2811; x_wconf 91' lang='lat' dir='ltr'><strong>ibid.</strong></span> <span class='ocrx_word' id='word_1_201' title='bbox 836 2775 863 2826; x_wconf 86' lang='lat' dir='ltr'><strong><em>p.</em></strong></span> <span class='ocrx_word' id='word_1_202' title='bbox 886 2762 960 2810; x_wconf 57' lang='grc' dir='ltr'><strong><em>358ιι</em></strong></span> <span class='ocrx_word' id='word_1_203' title='bbox 992 2755 1092 2811; x_wconf 78' lang='lat' dir='ltr'><strong>adnl</strong></span> 
     </span>
     <span class='ocr_line' id='line_1_26' title="bbox 81 2826 459 2897; baseline 0 -16"><span class='ocrx_word' id='word_1_204' title='bbox 81 2835 110 2882; x_wconf 89' lang='grc'><strong><em>16</em></strong></span> <span class='ocrx_word' id='word_1_205' title='bbox 126 2827 253 2897; x_wconf 79' lang='lat' dir='ltr'><strong>Antipho</strong></span> <span class='ocrx_word' id='word_1_206' title='bbox 272 2826 342 2883; x_wconf 89' lang='lat' dir='ltr'><strong>ibid.</strong></span> <span class='ocrx_word' id='word_1_207' title='bbox 362 2827 426 2883; x_wconf 77' lang='lat' dir='ltr'><strong>adn.</strong></span> <span class='ocrx_word' id='word_1_208' title='bbox 441 2835 459 2881; x_wconf 86' lang='lat'>4</span> 
     </span>
    </p>
   </div>
   <div class='ocr_carea' id='block_1_4' title="bbox 80 3001 1093 3646">
    <p class='ocr_par' dir='ltr' id='par_1_4' title="bbox 80 3001 1093 3646">
     <span class='ocr_line' id='line_1_27' title="bbox 146 3001 1092 3076; baseline -0.004 -18"><span class='ocrx_word' id='word_1_209' title='bbox 146 3010 161 3070; x_wconf 68' lang='grc' dir='ltr'><strong><em>ξ</em></strong></span> <span class='ocrx_word' id='word_1_210' title='bbox 181 3010 214 3058; x_wconf 75' lang='lat'><strong><em>12</em></strong></span> <span class='ocrx_word' id='word_1_211' title='bbox 233 3003 264 3057; x_wconf 92' lang='lat' dir='ltr'><strong><em>in</em></strong></span> <span class='ocrx_word' id='word_1_212' title='bbox 283 3005 343 3060; x_wconf 84' lang='lat' dir='ltr'><strong>cod.</strong></span> <span class='ocrx_word' id='word_1_213' title='bbox 363 3005 425 3060; x_wconf 80' lang='lat' dir='ltr'>Par.</span> <span class='ocrx_word' id='word_1_214' title='bbox 446 3004 536 3076; x_wconf 83' lang='lat' dir='ltr'>suppl.</span> <span class='ocrx_word' id='word_1_215' title='bbox 556 3023 597 3074; x_wconf 86' lang='lat' dir='ltr'><strong><em>gr.</em></strong></span> <span class='ocrx_word' id='word_1_216' title='bbox 612 3011 662 3058; x_wconf 79' lang='lat'><strong><em>607</em></strong></span> <span class='ocrx_word' id='word_1_217' title='bbox 677 3005 705 3058; x_wconf 84' lang='lat' dir='ltr'><strong><em>A</em></strong></span> <span class='ocrx_word' id='word_1_218' title='bbox 725 3007 770 3073; x_wconf 85' lang='lat'><strong><em>(=</em></strong></span> <span class='ocrx_word' id='word_1_219' title='bbox 785 3004 831 3073; x_wconf 84' lang='lat' dir='ltr'><strong><em>R),</em></strong></span> <span class='ocrx_word' id='word_1_220' title='bbox 850 3002 869 3058; x_wconf 85' lang='lat' dir='ltr'><strong><em>f.</em></strong></span> <span class='ocrx_word' id='word_1_221' title='bbox 889 3009 943 3057; x_wconf 67' lang='grc'><strong><em>67*</em></strong></span> <span class='ocrx_word' id='word_1_222' title='bbox 961 3001 1004 3056; x_wconf 75' lang='lat' dir='ltr'><strong><em>ita</em></strong></span> <span class='ocrx_word' id='word_1_223' title='bbox 1022 3001 1092 3072; x_wconf 81' lang='lat' dir='ltr'><strong>legi-</strong></span> 
     </span>
     <span class='ocr_line' id='line_1_28' title="bbox 80 3071 1093 3146; baseline -0.003 -17"><span class='ocrx_word' id='word_1_224' title='bbox 80 3079 133 3132; x_wconf 80' lang='lat' dir='ltr'><strong>tur:</strong></span> <span class='ocrx_word' id='word_1_225' title='bbox 157 3077 226 3145; x_wconf 82' lang='grc' dir='ltr'><strong><em>φασί</em></strong></span> <span class='ocrx_word' id='word_1_226' title='bbox 244 3076 296 3144; x_wconf 83' lang='grc' dir='ltr'><strong><em>τήν</em></strong></span> <span class='ocrx_word' id='word_1_227' title='bbox 316 3075 434 3146; x_wconf 88' lang='grc' dir='ltr'><strong><em>σελήνην</em></strong></span> <span class='ocrx_word' id='word_1_228' title='bbox 457 3077 569 3144; x_wconf 84' lang='grc' dir='ltr'><strong><em>μείζονα</em></strong></span> <span class='ocrx_word' id='word_1_229' title='bbox 588 3071 662 3131; x_wconf 80' lang='grc' dir='ltr'><strong><em>εἶναι</em></strong></span> <span class='ocrx_word' id='word_1_230' title='bbox 684 3083 734 3145; x_wconf 82' lang='grc' dir='ltr'><strong><em>τῆς</em></strong></span> <span class='ocrx_word' id='word_1_231' title='bbox 752 3083 803 3146; x_wconf 84' lang='grc' dir='ltr'><strong><em>γῆς</em></strong></span> <span class='ocrx_word' id='word_1_232' title='bbox 821 3073 1093 3129; x_wconf 79' lang='grc' dir='ltr'><strong><em>ἐννεακαιδεκαπλα-</em></strong></span> 
     </span>
     <span class='ocr_line' id='line_1_29' title="bbox 81 3143 1093 3216; baseline -0.001 -16"><span class='ocrx_word' id='word_1_233' title='bbox 81 3146 153 3214; x_wconf 87' lang='grc' dir='ltr'><strong><em>σίως,</em></strong></span> <span class='ocrx_word' id='word_1_234' title='bbox 181 3143 334 3216; x_wconf 87' lang='grc' dir='ltr'><strong><em>ἀφίσταται</em></strong></span> <span class='ocrx_word' id='word_1_235' title='bbox 361 3146 393 3201; x_wconf 75' lang='grc' dir='ltr'><strong><em>δέ</em></strong></span> <span class='ocrx_word' id='word_1_236' title='bbox 421 3145 472 3200; x_wconf 85' lang='grc' dir='ltr'><strong><em>ἀπ’</em></strong></span> <span class='ocrx_word' id='word_1_237' title='bbox 500 3148 586 3216; x_wconf 81' lang='grc' dir='ltr'><strong><em>αὐτῆς</em></strong></span> <span class='ocrx_word' id='word_1_238' title='bbox 613 3144 738 3210; x_wconf 86' lang='grc' dir='ltr'><strong><em>σταδίοις</em></strong></span> <span class='ocrx_word' id='word_1_239' title='bbox 765 3153 896 3215; x_wconf 86' lang='grc' dir='ltr'><strong><em>μυριᾶσιν</em></strong></span> <span class='ocrx_word' id='word_1_240' title='bbox 921 3143 1093 3215; x_wconf 70' lang='grc' dir='ltr'><strong><em>ἑβδομηκον-</em></strong></span> 
     </span>
     <span class='ocr_line' id='line_1_30' title="bbox 80 3211 1093 3288; baseline -0.004 -16"><span class='ocrx_word' id='word_1_241' title='bbox 80 3219 189 3273; x_wconf 80' lang='grc' dir='ltr'><strong><em>ταοκτώ.</em></strong></span> <span class='ocrx_word' id='word_1_242' title='bbox 225 3218 276 3273; x_wconf 86' lang='grc' dir='ltr'><strong><em>τὸν</em></strong></span> <span class='ocrx_word' id='word_1_243' title='bbox 295 3217 326 3273; x_wconf 81' lang='grc' dir='ltr'><strong><em>δὲ</em></strong></span> <span class='ocrx_word' id='word_1_244' title='bbox 345 3217 424 3288; x_wconf 85' lang='grc' dir='ltr'><strong><em>ήλιον</em></strong></span> <span class='ocrx_word' id='word_1_245' title='bbox 444 3215 619 3288; x_wconf 84' lang='grc' dir='ltr'><strong><em>ἀφίστασθαι</em></strong></span> <span class='ocrx_word' id='word_1_246' title='bbox 638 3218 695 3272; x_wconf 83' lang='grc' dir='ltr'><strong><em>ἀπὸ</em></strong></span> <span class='ocrx_word' id='word_1_247' title='bbox 713 3217 767 3288; x_wconf 83' lang='grc' dir='ltr'><strong><em>τῆς</em></strong></span> <span class='ocrx_word' id='word_1_248' title='bbox 777 3225 828 3288; x_wconf 82' lang='grc' dir='ltr'><strong><em>γῆς</em></strong></span> <span class='ocrx_word' id='word_1_249' title='bbox 839 3211 1031 3284; x_wconf 80' lang='grc' dir='ltr'><strong><em>τετρακοσίοις</em></strong></span> <span class='ocrx_word' id='word_1_250' title='bbox 1044 3216 1093 3269; x_wconf 81' lang='grc' dir='ltr'><strong><em>καί</em></strong></span> 
     </span>
     <span class='ocr_line' id='line_1_31' title="bbox 81 3285 1093 3358; baseline -0.005 -13"><span class='ocrx_word' id='word_1_251' title='bbox 81 3287 313 3358; x_wconf 83' lang='grc' dir='ltr'><strong><em>ἀκτακισμυρίαις·</em></strong></span> <span class='ocrx_word' id='word_1_252' title='bbox 337 3290 369 3344; x_wconf 83' lang='grc' dir='ltr'><strong><em>τό</em></strong></span> <span class='ocrx_word' id='word_1_253' title='bbox 387 3288 420 3344; x_wconf 75' lang='grc' dir='ltr'><strong><em>δέ</em></strong></span> <span class='ocrx_word' id='word_1_254' title='bbox 443 3287 617 3358; x_wconf 87' lang='grc' dir='ltr'><strong><em>φαινόμενον</em></strong></span> <span class='ocrx_word' id='word_1_255' title='bbox 636 3290 722 3358; x_wconf 81' lang='grc' dir='ltr'><strong><em>αὐτῆς</em></strong></span> <span class='ocrx_word' id='word_1_256' title='bbox 740 3286 834 3358; x_wconf 82' lang='grc' dir='ltr'><strong><em>μέλαν,</em></strong></span> <span class='ocrx_word' id='word_1_257' title='bbox 853 3285 868 3340; x_wconf 77' lang='grc' dir='ltr'>ὅ</span> <span class='ocrx_word' id='word_1_258' title='bbox 886 3305 960 3349; x_wconf 88' lang='grc' dir='ltr'><strong><em>τινες</em></strong></span> <span class='ocrx_word' id='word_1_259' title='bbox 977 3289 1093 3340; x_wconf 86' lang='grc' dir='ltr'><strong><em>καλοῦσι</em></strong></span> 
     </span>
     <span class='ocr_line' id='line_1_32' title="bbox 80 3354 1093 3430; baseline -0.006 -14"><span class='ocrx_word' id='word_1_260' title='bbox 80 3359 233 3430; x_wconf 87' lang='grc' dir='ltr'><strong><em>πρόσωπον,</em></strong></span> <span class='ocrx_word' id='word_1_261' title='bbox 253 3359 338 3416; x_wconf 76' lang='grc' dir='ltr'><strong><em>οὐδέν</em></strong></span> <span class='ocrx_word' id='word_1_262' title='bbox 361 3361 427 3415; x_wconf 86' lang='grc' dir='ltr'><strong><em>ἀλλο</em></strong></span> <span class='ocrx_word' id='word_1_263' title='bbox 451 3360 525 3416; x_wconf 80' lang='grc' dir='ltr'><strong><em>ἐστὶν</em></strong></span> <span class='ocrx_word' id='word_1_264' title='bbox 543 3357 560 3428; x_wconf 75' lang='grc' dir='ltr'>ἢ</span> <span class='ocrx_word' id='word_1_265' title='bbox 580 3357 745 3430; x_wconf 87' lang='grc' dir='ltr'><strong><em>μεμιγμένος</em></strong></span> <span class='ocrx_word' id='word_1_266' title='bbox 768 3359 836 3427; x_wconf 85' lang='grc' dir='ltr'><strong><em>ἀήρ,</em></strong></span> <span class='ocrx_word' id='word_1_267' title='bbox 860 3356 890 3420; x_wconf 83' lang='grc' dir='ltr'><strong><em>ὃς</em></strong></span> <span class='ocrx_word' id='word_1_268' title='bbox 908 3357 991 3427; x_wconf 84' lang='grc' dir='ltr'><strong><em>φάσει</em></strong></span> <span class='ocrx_word' id='word_1_269' title='bbox 1010 3354 1093 3426; x_wconf 87' lang='grc' dir='ltr'><strong><em>μέλας</em></strong></span> 
     </span>
     <span class='ocr_line' id='line_1_33' title="bbox 81 3429 1091 3502; baseline -0.003 -15"><span class='ocrx_word' id='word_1_270' title='bbox 81 3430 159 3500; x_wconf 83' lang='grc' dir='ltr'><strong><em>ἐστίν,</em></strong></span> <span class='ocrx_word' id='word_1_271' title='bbox 179 3429 210 3494; x_wconf 86' lang='grc' dir='ltr'><strong><em>ὃς</em></strong></span> <span class='ocrx_word' id='word_1_272' title='bbox 228 3431 308 3501; x_wconf 88' lang='grc' dir='ltr'><strong><em>ἀχρις</em></strong></span> <span class='ocrx_word' id='word_1_273' title='bbox 326 3433 413 3502; x_wconf 74' lang='grc' dir='ltr'><strong><em>αὐτῆς</em></strong></span> <span class='ocrx_word' id='word_1_274' title='bbox 430 3430 558 3487; x_wconf 88' lang='grc' dir='ltr'><strong><em>τείνεται.</em></strong></span> <span class='ocrx_word' id='word_1_275' title='bbox 632 3437 648 3485; x_wconf 88' lang='grc'>8</span> <span class='ocrx_word' id='word_1_276' title='bbox 667 3432 704 3493; x_wconf 84' lang='grc' dir='ltr'><strong><em>ὡς</em></strong></span> <span class='ocrx_word' id='word_1_277' title='bbox 723 3431 768 3484; x_wconf 77' lang='grc' dir='ltr'><strong><em>ἐπὶ</em></strong></span> <span class='ocrx_word' id='word_1_278' title='bbox 782 3431 819 3498; x_wconf 81' lang='lat' dir='ltr'><strong><em>B,</em></strong></span> <span class='ocrx_word' id='word_1_279' title='bbox 838 3429 928 3497; x_wconf 80' lang='grc' dir='ltr'><strong><em>ὥσπερ</em></strong></span> <span class='ocrx_word' id='word_1_280' title='bbox 943 3430 979 3497; x_wconf 85' lang='grc' dir='ltr'><strong><em>Α,</em></strong></span> <span class='ocrx_word' id='word_1_281' title='bbox 999 3429 1091 3502; x_wconf 76' lang='grc' dir='ltr'><strong><em>(τὸν)</em></strong></span> 
     </span>
     <span class='ocr_line' id='line_1_34' title="bbox 81 3499 1092 3572; baseline -0.004 -14"><span class='ocrx_word' id='word_1_282' title='bbox 81 3503 141 3558; x_wconf 78' lang='grc' dir='ltr'><strong><em>εδδ.</em></strong></span> <span class='ocrx_word' id='word_1_283' title='bbox 155 3501 265 3557; x_wconf 85' lang='lat' dir='ltr'><strong>Bekker</strong></span> <span class='ocrx_word' id='word_1_284' title='bbox 356 3511 389 3558; x_wconf 85' lang='grc'><strong><em>16</em></strong></span> <span class='ocrx_word' id='word_1_285' title='bbox 410 3501 452 3557; x_wconf 86' lang='grc' dir='ltr'><strong><em>ὅτι</em></strong></span> <span class='ocrx_word' id='word_1_286' title='bbox 467 3503 490 3566; x_wconf 81' lang='grc' dir='ltr'><strong><em>Ιὁ</em></strong></span> <span class='ocrx_word' id='word_1_287' title='bbox 515 3502 642 3571; x_wconf 86' lang='grc' dir='ltr'><strong><em>ἀντιφῶν</em></strong></span> <span class='ocrx_word' id='word_1_288' title='bbox 656 3534 690 3543; x_wconf 90' lang='grc'>-</span> <span class='ocrx_word' id='word_1_289' title='bbox 704 3521 731 3572; x_wconf 90' lang='lat' dir='ltr'><strong><em>p.</em></strong></span> <span class='ocrx_word' id='word_1_290' title='bbox 747 3507 819 3570; x_wconf 82' lang='lat'>54‚1</span> <span class='ocrx_word' id='word_1_291' title='bbox 840 3501 928 3569; x_wconf 86' lang='grc' dir='ltr'><strong><em>ἀστρα</em></strong></span> <span class='ocrx_word' id='word_1_292' title='bbox 949 3501 971 3556; x_wconf 78' lang='lat' dir='ltr'><strong><em>S</em></strong></span> <span class='ocrx_word' id='word_1_293' title='bbox 993 3503 998 3571; x_wconf 88' lang='grc' dir='ltr'>Ι</span> <span class='ocrx_word' id='word_1_294' title='bbox 1023 3499 1092 3571; x_wconf 88' lang='grc' dir='ltr'><strong><em>φησί</em></strong></span> 
     </span>
     <span class='ocr_line' id='line_1_35' title="bbox 82 3574 872 3646; baseline -0.003 -16"><span class='ocrx_word' id='word_1_295' title='bbox 82 3593 131 3630; x_wconf 89' lang='lat' dir='ltr'><strong><em>om.</em></strong></span> <span class='ocrx_word' id='word_1_296' title='bbox 146 3575 176 3628; x_wconf 90' lang='lat' dir='ltr'>X</span> <span class='ocrx_word' id='word_1_297' title='bbox 247 3580 280 3628; x_wconf 83' lang='lat'><strong><em>19</em></strong></span> <span class='ocrx_word' id='word_1_298' title='bbox 300 3575 392 3644; x_wconf 85' lang='grc' dir='ltr'><strong><em>φωτὸς</em></strong></span> <span class='ocrx_word' id='word_1_299' title='bbox 411 3575 448 3644; x_wconf 89' lang='grc' dir='ltr'><strong><em>Χ,</em></strong></span> <span class='ocrx_word' id='word_1_300' title='bbox 468 3574 555 3643; x_wconf 85' lang='grc' dir='ltr'><strong><em>πυρὸς</em></strong></span> <span class='ocrx_word' id='word_1_301' title='bbox 574 3575 613 3646; x_wconf 69' lang='grc' dir='ltr'><strong><em>δή</em></strong></span> <span class='ocrx_word' id='word_1_302' title='bbox 630 3574 824 3644; x_wconf 86' lang='grc' dir='ltr'><strong><em>ἀμαυροῦντος</em></strong></span> <span class='ocrx_word' id='word_1_303' title='bbox 842 3574 872 3628; x_wconf 91' lang='grc' dir='ltr'>Χ</span> 
     </span>
    </p>
   </div>
   <div class='ocr_carea' id='block_1_5' title="bbox 0 0 1289 3996">
    <p class='ocr_par' dir='ltr' id='par_1_5' title="bbox 0 0 1289 3996">
     <span class='ocr_line' id='line_1_36' title="bbox 0 0 1289 3996; baseline 0 0"><span class='ocrx_word' id='word_1_304' title='bbox 0 0 1289 3996; x_wconf 95' lang='lat' dir='ltr'><strong><em> </em></strong></span> 
     </span>
    </p>
   </div>
  </div>
 </body>
</html>
