2530 3988
185 166 249 230 154
428 163 537 220 LIBER
555 162 732 229 QUARTUS.
759 163 951 219 AUGUSTUS

149 338 260 411 Βγονε
283 330 323 393 τά
345 325 422 413 περὶ
449 329 510 410 τὴν
534 330 650 412 Θήραν
676 326 731 393 καλ
757 332 944 412 Θηρασίαν,
971 326 1028 394 καὶ
1055 328 1113 394 ἐὰν
1135 325 1192 413 μὲν

182 427 203 520 ᾖ
226 436 267 499 τά
289 432 568 519 άναστομωθέντα
587 446 734 519 συνεχῶς
752 433 976 520 άναφυσῶντα
993 443 1073 521 πῦρ,
1095 438 1195 518 πηγαί

182 563 217 606 τε
240 541 347 628 πυρὸς
368 538 424 606 καὶ
446 549 606 627 κρατῆρες
629 540 860 626 ὀνομάζονται,
888 533 942 609 οἷά
966 542 1034 608 ἐστι
1058 543 1098 607 τά
1120 539 1191 626 περὶ

183 649 244 732 τήν
266 647 371 732 αὐτὴν
395 649 550 733 Λιπάραν
572 671 608 713 τε
634 645 690 713 καὶ
713 650 935 734 Στρογγύλην
961 647 1017 715 καὶ
1041 647 1190 732 Βέσβιον·

156 753 226 838 τήν
249 752 278 818 δ’
302 750 345 819 αὖ
369 755 456 840 μύση
470 806 475 817 .
491 805 498 817 .
514 805 520 818 .
536 806 542 818 .
556 745 630 819 οἷον
652 756 689 820 τὸ
712 757 794 821 κατά
815 753 1062 841 Φιλαδέλφειαν
1081 756 1141 838 τήν
1158 753 1190 818 έν

184 862 295 947 Λυδίᾳ
322 863 439 927 πεδίον
465 858 521 926 καὶ
549 863 628 937 τοὺς
655 863 827 948 πρόποδας
849 865 928 939 τοὺς
950 860 1005 927 ἐπὶ
1028 863 1190 941 Μαξάκοις

183 1005 226 1014 --
241 966 346 1032 οἱονεὶ
359 969 584 1045 Καππάδοκας
594 1005 647 1052 -,
665 967 720 1033 καὶ
739 970 776 1034 τὸ
796 967 850 1034 ἐπὶ
863 973 1066 1056 Δικαιαρχίᾳ
1078 969 1188 1054 Ἡφαί-

184 1092 265 1140 στου
287 1076 405 1139 πεδίον
426 1071 505 1139 ποτε
527 1074 810 1161 προσαγορευθέν.

129 1190 180 1245 XS
251 1181 323 1245 116.
342 1179 413 1245 Ὅτι
431 1192 499 1246 τῶν
516 1193 669 1265 κομητῶν
688 1182 759 1264 είδη
774 1184 856 1248 κατά
874 1179 936 1266 μὲν
954 1184 1014 1248 τὸν
1027 1181 1113 1270 Ἀρι·
1125 1190 1224 1246 erV73

142 1314 170 1352 1⁰
184 1284 341 1371 στοτέλην
373 1285 487 1352 ἐννέα·
525 1288 606 1352 κατά
644 1284 681 1352 δὲ
717 1289 777 1353 τὸν
808 1287 968 1373 Ῥωμαῖον
997 1287 1187 1372 Ἀπουλήιον

185 1391 276 1458 δέκα·
301 1395 414 1470 ἱππίας
438 1391 549 1479 ξιφίας
566 1397 742 1478 πωγωνίας
761 1397 874 1472 δοκίας
892 1400 995 1472 πίθος
1013 1395 1186 1481 λαμπαδίας

144 1503 326 1585 Χκομήτης
348 1501 482 1577 δισκεδς
508 1501 625 1585 τυφὼν
651 1502 823 1586 κεράστης·
850 1500 951 1567 καὶδ
977 1498 1039 1588 μὲν
1063 1504 1187 1576 ἱππίας

184 1606 220 1672 έκ
251 1616 311 1672 τοῦ
344 1609 472 1692 δρόμου
503 1605 558 1671 καὶ
590 1617 648 1691 τῆς
680 1607 836 1692 ὀξύτητος
868 1608 974 1685 οὕτως
1006 1609 1187 1694 ὠνομάσθη,

183 1716 325 1796 πλαγίας
348 1709 386 1778 δέ
407 1712 463 1778 καὶ
486 1712 637 1800 ἀμυδράς
659 1713 794 1791 άκτῑνας
817 1715 1015 1801 διαρραίνει·
1041 1715 1060 1782 δ
1084 1712 1120 1780 δέ
1141 1713 1187 1792 ξι-

139 1846 169 1887 ιι
184 1824 276 1905 φίας
300 1822 398 1904 δίκην
421 1819 538 1904 ξίφους
556 1819 576 1903 ἢ
596 1823 717 1905 λόγχης
734 1831 860 1907 μακρᾶς
878 1821 1104 1906 έκτεινόμενος
1121 1823 1187 1906 φαί-

184 1950 286 2010 νεται,
310 1926 416 2012 ὠχρὸς
439 1922 476 1990 δὲ
499 1924 554 1992 καὶ
572 1928 797 2011 νεφελοειδής·
822 1924 897 1992 ὁδὲ
915 1933 1120 2011 πωγωνίας
1136 1928 1187 2010 τήν
1238 1881 1239 1957 δ

184 2034 309 2119 λοφιὰν
332 2033 373 2098 οὐ
396 2034 478 2097 κατά
497 2038 652 2119 κεφαλής,
676 2032 747 2099 ἀλλ’
770 2034 924 2100 ὑποκάτω
944 2035 1129 2121 διαρραίνει
1146 2035 1187 2098 δί-

184 2163 247 2223 κην
269 2142 442 2222 πώγωνος·
470 2139 488 2204 ὁ
512 2136 548 2205 δὲ
572 2142 707 2217 δοκίας
731 2135 844 2225 ὅμοιος
867 2140 966 2223 ε’γγύς
993 2140 1063 2207 ἐστι
1085 2150 1130 2230 τῷ
1150 2139 1187 2218 ξι-

185 2249 257 2333 φία,
285 2245 357 2312 ἀλλ’
381 2247 442 2311 οὐκ
465 2245 571 2324 ὀξείας
595 2249 676 2332 ἔχει,
704 2246 862 2332 ἀμβλείας
890 2243 926 2312 δὲ
953 2249 1013 2324 τάς
1039 2245 1185 2336 ἀρχάςδ

144 2349 224 2419 εοδέ
246 2357 365 2430 πίθος
393 2351 429 2417 ἐκ
451 2361 511 2418 τοῦ
540 2354 715 2437 σχήματος·
744 2353 762 2418 δ
787 2349 824 2417 δέ
846 2354 1069 2438 λαμπαδίας
1090 2354 1186 2440 πυρά·
1237 2329 1238 2415 δ

187 2460 247 2543 δης
268 2458 324 2524 καὶ
347 2462 444 2543 δίκην
466 2459 661 2544 πυράπιδος
683 2462 786 2526 λίθου
812 2458 833 2542 ή
857 2458 1001 2546 δένδρον
1022 2460 1186 2547 καιομένου

185 2566 313 2651 πέφυκε
345 2567 555 2650 διαλάμπειν·
588 2565 606 2630 ὁ
641 2562 677 2631 δὲ
709 2568 879 2650 κομήτης
907 2567 1033 2644 πλατύς
1064 2569 1129 2635 ἐστι
1156 2567 1185 2631 τὸ

187 2669 275 2749 εἶδος
297 2670 353 2738 καὶ
376 2675 485 2758 ὥσπερ
510 2674 623 2758 λλαρὸς
645 2672 874 2759 ἀργυροειδεῖς
896 2697 990 2750 τινας
1011 2678 1185 2760 πλοκάμους
1236 2728 1237 2762 w

186 2779 304 2845 ἕλκων·
329 2780 346 2845 ὁ
371 2776 409 2844 δὲ
432 2781 452 2844 δ
458 2781 591 2856 ισκεὺς
614 2778 647 2857 έξ
667 2780 769 2863 αὐτῆς
785 2789 844 2863 τῆς
862 2785 1088 2867 προσαγορίας
1105 2785 1186 2863 δίκην

146 2912 173 2953 25
187 2889 306 2952 δίσκου
328 2889 481 2970 φαίνεται
505 2886 546 2950 οὐ
570 2886 718 2971 λαμπρὸς
739 2881 819 2952 οὐδὲ
838 2884 984 2972 ἐρυθρὸς
1002 2887 1073 2955 ἀλλ’
1093 2891 1185 2970 ὥσπερ

258 3050 273 3110 5
289 3048 339 3096 116
354 3042 540 3096 Wachsmuth
555 3043 590 3096 de
605 3045 656 3097 ost.
671 3061 699 3112 p.
715 3049 766 3097 166
774 3061 814 3112 sq.
887 3049 939 3097 v.9
954 3042 1071 3100 An'stot.
1086 3045 1185 3098 Meteor.

186 3115 207 3182 I,
223 3120 248 3184 6,
264 3120 279 3168 7
297 3132 325 3183 p.
340 3111 408 3167 3412b
423 3118 456 3166 25
468 3131 527 3182 sqq.
546 3113 658 3168 Bekker

257 3274 282 3309 v.
302 3261 318 3308 5
337 3255 468 3308 lacunam
491 3253 615 3308 indicavi
693 3261 708 3309 ⁷
732 3253 912 3327 δικαιαρχίαν
935 3256 967 3325 S,
996 3257 1073 3324 quod
1097 3251 1185 3310 correxi
1235 3245 1236 3331 ή

188 3332 203 3380 9
223 3324 266 3381 ὅτι
279 3335 384 3381 τῶν-
399 3331 432 3379 12
449 3324 583 3394 κεράστης
597 3327 624 3394 S,
643 3336 771 3396 κομητῶν
790 3325 821 3381 δὲ
840 3326 901 3397 είδη
919 3330 972 3381 etc.
986 3327 1018 3382 X
1053 3325 1104 3396 μὲν
1121 3326 1184 3382 omis.

187 3399 219 3451 X
234 3401 237 3468 ή
254 3394 412 3466 άριστοτέλη
432 3397 464 3451 Χ
535 3403 568 3450 10
587 3394 770 3468 ήωμαϊκδνδ
840 3403 873 3451 12
891 3398 989 3468 τάφων
1038 3395 1187 3469 ,τυφὼνδ

187 3468 374 3522 Wachsmuth
465 3474 498 3522 19
518 3467 605 3538 ἀργὰς
624 3470 666 3538 Χ,
690 3468 783 3537 σειράς
803 3468 837 3524 οἱ.
856 3469 992 3539 Hereher,
1017 3469 1130 3533 ἀκτῖνας
1145 3469 1184 3534 Er,

188 3539 277 3606 ἄκρας
290 3539 431 3594 Wachsm.
504 3544 538 3592 22
557 3541 662 3603 πλατὺς
675 3540 713 3610 Χ,
732 3541 822 3609 πραλις
840 3540 875 3596 ci.
889 3541 1032 3596 Wachsm.
