2556 3996
185 199 249 263 112
442 197 550 252 LIBER
568 196 746 261 QUARTUS.
774 196 937 251 MARTIUS

91 371 172 426 XYS
186 359 242 426 καὶ
260 365 453 444 γλαυκῶπιν
472 360 577 444 αὐτὴν
591 362 698 426 διὰτὸ
713 361 865 446 πυρῶδες
877 361 1047 445 γράφουσι
1060 357 1115 424 καί
1131 369 1242 423 ΡαΠΙεο

184 473 311 552 γλαῦκα
334 467 416 553 αὐτῇ
440 469 478 532 τὸ
501 469 621 552 ὄρνεον
645 470 908 552 προσνέμουσιν,
936 467 1018 552 ὅπερ
1042 465 1201 552 ἐγρήγορε

150 576 239 641 Βδιά
261 575 367 658 πάσης
389 583 448 657 τῆς
469 576 604 657 νυκτός,
627 574 672 650 ὡς
694 575 737 638 άν
758 597 809 650 τις
831 579 930 657 εἰποι,
957 573 979 656 ἡ
1002 572 1200 659 ἀνθρωπίνη

183 682 272 766 ψυχὴ
296 682 378 746 κατὰ
400 679 527 765 μηδένα
549 681 668 765 καιρὸν
689 679 852 766 ἀργοῦσα·
874 677 1012 765 καὶγὰρ
1032 679 1199 756 ἀθάνατος

90 797 170 852 XYS
184 786 239 853 καί
263 787 448 870 ἀεικίνητος
470 787 532 870 την
559 787 677 870 φύσιν·
705 787 742 851 τὸ
766 788 830 872 γάρ
853 792 986 853 παῦλαν
1009 789 1087 870 ἔχον
1108 789 1198 870 κινή-

157 912 266 970 εσεως
288 898 421 958 παῦλαν
444 895 509 976 ἔχει
533 896 615 976 ζωῆς
636 894 719 958 κατά
742 895 916 960 Πλάτωνα.
1147 887 1151 894 ’

149 1011 167 1066 S
249 997 301 1063 55.
316 997 388 1063 ’Ότι
397 999 479 1063 κατά
492 999 554 1082 τὴν
566 999 631 1084 πρὸ
643 999 938 1084 τεσσαρεσκαίδεκα
951 1001 1123 1066 καλενδῶν
1133 1007 1237 1064 dessth

177 1105 359 1192 Ἀπριλίων
381 1108 461 1182 έθος
482 1101 526 1188 ἦν
548 1107 626 1182 τοὺς
650 1108 798 1182 Σαλίους
821 1105 1046 1171 ἀποτίθεσθαι
1068 1108 1108 1172 τὰ
1131 1108 1196 1172 διο-

183 1222 263 1296 πετῆ
288 1212 387 1296 ὅπλα,
415 1213 513 1278 ἀτινα
536 1211 677 1277 ἐκάλουν
700 1211 847 1296 ἀγκίλια,
875 1212 934 1289 οὓς
961 1212 1159 1297 κατέστησεν
1179 1211 1194 1276 ὁ

145 1347 171 1385 10
184 1324 333 1404 Νουμᾶς.
377 1327 480 1383 ταῦτα
504 1315 541 1383 δὲ
566 1320 613 1395 εἰς
636 1320 734 1403 τιμὴν
751 1317 868 1404 ’Ἀρεος
890 1324 1072 1404 πολεμικοῦ
1094 1322 1194 1401 εἰαθη

182 1432 351 1492 κινεῖσθαι
374 1425 411 1490 ἐν
435 1425 542 1511 ἐκείνη
566 1435 606 1511 τῇ
628 1424 744 1512 ἡμέρᾳ,
768 1425 805 1490 ἐν
827 1417 849 1512 ᾗ
871 1424 1001 1508 λέγεται
1023 1427 1141 1510 φανὴν
1162 1424 1194 1489 ἐκ

183 1542 243 1598 τοῦ
267 1532 414 1618 οὐρανοῦ
438 1531 647 1616 ἀκουσθῆναι
665 1531 840 1616 λέγουσαν,
863 1531 925 1608 ἕως
942 1534 1017 1598 τότε
1035 1533 1192 1612 σώζεσθαι

183 1641 245 1723 τὴν
267 1642 377 1722 πόλιν,
400 1636 461 1716 ἕως
484 1637 527 1704 ἀν
550 1639 689 1722 σώζηται
711 1641 752 1704 τὰ
775 1638 915 1721 ἀγκίλια.

142 1756 168 1809 Y
249 1744 301 1810 56.
311 1743 383 1810 Ὅτι
396 1744 451 1810 καὶ
466 1745 503 1811 ἐν
512 1744 616 1832 Ῥώμη
626 1748 685 1822 τάς
698 1757 766 1811 τῶν
773 1751 921 1812 πολιτῶν
930 1745 1121 1831 άμαρτάδας
1128 1752 1230 1809 Rrffl31
1257 1801 1258 1818 ἢ

144 1878 170 1918 15
185 1851 238 1917 ἐπὶ
267 1851 400 1937 ἁμαξῶν
429 1851 598 1932 διέπαιζον
624 1851 680 1917 καὶ
710 1853 946 1928 λανθανούσας
969 1852 1088 1937 ἐξῆγον
1116 1851 1191 1917 κατὰ

182 1960 244 2042 τὴν
260 1957 450 2042 Ἀθηναίων
473 1961 668 2043 συνήθειαν,
692 1962 727 2024 οδ
747 1969 817 2035 τοῖς
840 1959 1090 2045 ἁμαρτάνουσιν
1106 1959 1190 2043 ἠπεί-

183 2071 267 2131 λουν
289 2063 400 2147 λέγειν
422 2067 462 2130 τά
486 2064 518 2143 ἐξ
542 2065 673 2151 ἀμάξης.
1256 2145 1257 2154 ¹

143 2183 176 2237 X.
249 2170 301 2236 57.
321 2173 396 2257 Πρὸ
411 2173 660 2257 δεκατεσσάρων
673 2175 856 2238 Καλενδῶν
868 2171 1051 2258 Ἀπριλίων
1066 2170 1158 2258 ἑορτὴ
1167 2177 1226 2233 lvio

182 2280 271 2364 παρὰ
285 2277 455 2363 Ῥωμαίοις
477 2277 643 2363 τιμωμένη
667 2279 728 2364 οὐχ
747 2280 791 2356 ὡς
805 2278 963 2364 Ῥωμαίκὴ
984 2277 1057 2345 ἀλλ’
1080 2280 1124 2355 ὡς
1141 2299 1188 2362 με·

143 2413 169 2452 ιο
182 2388 300 2469 γίστην
326 2384 402 2470 παρ’
427 2387 624 2467 Αἰγυπτίοις
651 2388 773 2470 ἔχουσα
799 2387 899 2470 τιμὴν
926 2383 969 2450 δι’
993 2387 1103 2451 αἰτίαν
1130 2407 1188 2450 τοι·

184 2493 301 2575 αύτην·
326 2501 386 2557 τοῦ
409 2495 538 2557 Νείλου
560 2492 621 2574 την
645 2491 777 2577 ἐτήσιον
800 2491 952 2557 ἐπίδοσιν
974 2503 1042 2557 τῶν
1064 2492 1188 2558 ὑδάτων

183 2596 392 2684 ἀρνουμένου
419 2594 499 2663 ποτὲ
526 2596 581 2663 καὶ
608 2600 710 2685 ταάτη
738 2609 805 2664 τῶν
831 2601 1026 2681 Αἰγυπτίων
1054 2599 1188 2664 ἀπολλυ-

182 2702 303 2790 μένων,
326 2705 455 2789 δαίμων
472 2729 523 2781 τις
546 2703 673 2787 ἀγαθὸς
696 2707 743 2782 εἰς
761 2707 945 2791 ἀνθρωπον
964 2710 1092 2790 φανείς,
1115 2705 1187 2770 ὅλον
1254 2783 1255 2792 ¹

182 2812 219 2875 τὸ
242 2823 335 2895 σῶμα
352 2809 597 2896 πεπηλωμένος,
617 2811 730 2896 ἐξεβόα
748 2822 818 2888 τοῖς
837 2814 1035 2912 Αἰγυπτίοις
1053 2809 1187 2895 ἀναβλά-

253 3004 277 3040 v.
294 2992 309 3039 6
329 2984 402 3039 Ρίοἰι.
421 2985 540 3039 Phaedr.
559 3003 585 3054 p.
602 2984 684 3040 2450

254 3152 308 3200 v.1
330 3143 372 3199 ὅτι
390 3145 408 3214 ἡ
427 3144 525 3214 ἀθηνᾶ
545 3146 584 3209 εἰς
606 3145 701 3216 ψυχὴν
724 3143 948 3217 ἀλληγορουμένη
972 3147 1020 3200 καί
1040 3150 1186 3216 γλαυκῶπις

183 3214 290 3288 λέγεται
309 3215 406 3271 διὰτὸ
426 3219 559 3284 πυρῶδες.
597 3218 645 3271 καί
664 3219 771 3287 γλαῦκα
790 3218 860 3287 αἰτῇ
875 3215 1071 3286 ἀνατιθέασιν,
1090 3217 1185 3280 ὅτιπερ

184 3286 315 3358 ἐγρήγορε
334 3287 383 3342 διὰ
401 3287 492 3356 πάσης
514 3288 614 3351 νυκτὸς
637 3288 725 3343 οἰονεί
747 3286 905 3358 ἀεικίνητος
928 3286 1073 3358 (ἀκίνητος
1090 3290 1139 3358 D)·
1159 3283 1184 3338 τί

183 3358 236 3428 γὰρ
250 3357 505 3449 μ’»)-δπλάτωνα
523 3359 568 3428 Υἰ
585 3361 752 3429 γλαυκάπην
765 3360 793 3413 A
848 3363 1003 3430 2γλαῦκαν
1017 3360 1046 3413 Β
1101 3356 1185 3422 3εἰπη

130 3471 133 3479 ,
184 3429 212 3496 S,
231 3428 305 3483 εἰποι
324 3428 422 3498 scripsi
439 3432 442 3499 Ι
459 3429 533 3483 εἰποι
547 3437 611 3484 -4
631 3430 778 3493 ἀθάνατος
792 3430 869 3485 omis.
885 3433 917 3484 X
987 3437 1003 3485 ὅ
1024 3425 1185 3500 ἀκίνητοςΒ

185 3504 199 3550 7
219 3499 518 3569 τεσσαρεσκαιδεκάτην
537 3501 564 3570 δ,
586 3499 832 3569 τεσσαρεσκαίδεκα
852 3502 950 3571 scripsi
1023 3509 1057 3555 23
1077 3496 1185 3570 δαίμων]

186 3568 359 3624 Claudianus
377 3573 408 3624 ιἰι
426 3572 595 3641 Ειιννοριααι
613 3574 641 3625 Β
659 3572 689 3626 in
707 3589 796 3643 marg.
