2530 3988
344 211 452 265 LIBER
470 210 647 276 QUARTUS.
675 209 867 265 AUGUSTUS
1051 210 1113 273 157

97 370 317 438 ἑπτακαίδεκα
351 373 551 462 έπαγομένφ.
605 373 623 440 ὁ
656 370 694 439 δὲ
720 372 904 450 Ἰουλιανὸς
936 371 1114 458 ἐμαχέσατο
1128 382 1154 436 X

96 482 230 565 ἀριστα·
259 471 307 556 εἷς
329 477 367 546 δέ
393 480 430 546 ἐκ
455 490 514 565 τῆς
536 486 703 568 Περσικῆς
731 481 903 564 φάλαγγος
928 490 997 544 τῶν
1020 485 1114 562 λεγο-

94 585 210 670 μένων
228 591 446 672 Σαρακηνῶν,
470 586 506 653 ἐκ
528 597 586 672 τῆς
609 588 808 673 ἁλουργίδος
831 585 968 670 βασιλέα
989 585 1114 651 ὑπολα-

94 694 168 775 βὼν
195 691 356 779 ἀνέκραγε
383 697 528 780 πατρίως
552 694 703 779 ’μαλχάύ
731 691 835 759 οἱονεὶ
863 693 1031 777 βασιλεύς·
1058 691 1114 757 καὶ

94 797 237 883 ἐπαφεὶς
256 799 352 888 ροίζφ
370 800 433 882 τὴν
450 799 632 884 λεγομένην
650 801 820 886 ῥομφαίαν
839 801 996 883 διήλασεν
1011 798 1116 864 αὐτὸν
1142 824 1155 864 5

94 907 181 970 κατὰ
204 913 265 970 τοῦ
287 907 399 991 ἤτρου.
435 915 496 971 τοῦ
515 902 552 970 δέ
570 904 777 991 Ὀρειβασίου
795 909 994 990 κομίσαντος
1011 905 1114 970 αὐτὸν

94 1013 144 1088 εἰς
168 1012 232 1095 τὴν
253 1013 466 1097 παρεμβολὴν
487 1009 543 1076 καὶ
567 1010 748 1078 διαθέσθαι
771 1013 812 1077 τά
834 1017 1006 1078 τελευταία
1032 1034 1114 1098 παρ-

93 1127 291 1202 αινοῦντος,
317 1117 507 1203 Ἰουβιανὸν
538 1115 599 1203 μὲν
628 1118 727 1194 αὐτὸς
759 1120 990 1204 ψηφισάμενος
1021 1122 1114 1203 βασι-

94 1225 212 1290 λεύειν
235 1223 394 1290 ἐτελεύτα.

43 1341 166 1399 RrIV⁷6
194 1331 267 1394 119.
292 1332 334 1395 Οἱ
348 1328 410 1416 μὲν
423 1331 487 1397 ἀπὸ
501 1333 644 1416 μεγάλης
662 1329 765 1416 ἀρχῆς
783 1329 914 1416 ῥέοντες
932 1334 1048 1416 ἀνεμοι
1062 1334 1109 1410 εἰς
1122 1341 1167 1396 XS

94 1440 229 1504 δώδεκα
251 1436 333 1523 μέρη
357 1447 417 1502 τοῦ
436 1437 604 1524 ὁρίζοντος
627 1438 848 1523 διαιροῦνται,
872 1431 919 1502 ὧν
941 1436 996 1504 καὶ
1019 1445 1115 1524 ἐσμεν
1130 1466 1154 1506 11

92 1547 136 1611 τά
170 1544 318 1628 ὀνόματα
350 1543 387 1608 ἐν
419 1546 534 1620 ἀλλοις
554 1593 648 1628 ....,
680 1542 735 1610 καὶ
768 1545 800 1609 οἱ
833 1540 895 1628 μέν
924 1542 977 1608 ἀιέ
1004 1545 1155 1611 αύτῶνΧ

93 1655 232 1737 ἀρκτων
253 1648 309 1715 καὶ
331 1660 391 1717 τοῦ
414 1649 483 1716 κατ’
507 1651 608 1728 αὐτάς
626 1654 734 1716 πόλου
753 1651 883 1737 ῥέοντες
903 1649 1114 1735 ἀπαρκτίαι

92 1764 290 1839 καλοῦνται,
313 1758 346 1822 οἱ
369 1753 406 1821 δὲ
429 1757 493 1822 ἀπὸ
518 1759 644 1834 δύσεως
667 1759 858 1842 ίσημερινῆς
881 1756 1058 1843 ζέφυροι,
1082 1760 1115 1824 οἱ

93 1861 134 1930 δὲ
158 1849 308 1929 ἀπὸτοῦ
331 1863 483 1948 ἀφανοῦς
506 1866 632 1948 νότοι,
656 1865 688 1929 οἱ
712 1860 750 1929 δὲ
773 1863 836 1929 ἀπὸ
860 1863 1023 1948 ἀνατολῆς
1046 1866 1155 1949 lan-1⁵

91 1979 235 2056 μερινῆς
257 1969 490 2055 ἀπηλιῶται·
514 1982 582 2036 τῶν
600 1968 638 2036 δέ
656 1970 776 2056 μεταξὺ
800 1982 868 2036 τῶν
891 1970 1073 2056 εἰρημένων
1096 1971 1114 2036 ὁ

91 2075 159 2164 μὲν
190 2079 354 2164 προσεχὴς
380 2085 426 2166 τῷ
456 2077 650 2164 ἀπαρκτίᾳ
678 2081 848 2161 καικίας,
878 2076 919 2142 δν
946 2079 1030 2143 ἔνιοι
1059 2074 1115 2141 καὶ

92 2187 298 2270 θρασκίαν
321 2183 488 2269 λέγουσιν,
512 2185 530 2250 ὁ
550 2181 587 2249 δέ
605 2193 652 2273 τῷ
671 2185 822 2272 ζεφύρῳ
846 2181 1051 2270 ἀργέστης,
1075 2182 1115 2248 δν

92 2293 131 2358 οἱ
159 2287 221 2376 μὲν
249 2291 461 2377 ὀλυμπίαν,
495 2293 527 2357 οἱ
559 2288 597 2356 δὲ
627 2291 772 2374 ῑάπυγα
799 2296 952 2356 καλοῦσι·
983 2301 1050 2354 τῶν
1077 2286 1115 2354 δέ

93 2396 220 2482 μεταξὺ
249 2399 421 2484 ζεφύρου
447 2396 503 2464 καὶ
530 2400 650 2462 νότου
678 2393 780 2482 ὁμὲν
807 2398 970 2483 προσεχὴς
991 2404 1037 2484 τῷ
1060 2399 1157 2475 ζε-εο

94 2505 211 2591 φύρφ
231 2507 314 2588 λίψ,
338 2503 356 2569 ὁ
375 2501 413 2569 δέ
430 2513 477 2592 τῷ
495 2506 595 2592 νότφ
614 2506 836 2587 λιβόνοτος·
855 2515 922 2568 τῶν
940 2499 977 2568 δὲ
996 2503 1116 2588 μεταξὺ

94 2613 220 2676 νότου
249 2633 285 2675 τε
314 2608 369 2675 καὶ
400 2612 519 2697 εύρου
550 2610 567 2675 ὁ
599 2606 660 2695 μὲν
688 2614 830 2693 πλησίου
860 2612 1044 2695 φερόμενος
1070 2620 1116 2698 τῷ

94 2719 200 2803 νότῳ
221 2716 604 2802 εὐρόυοτοςκαλεῑται,
625 2712 696 2782 ὁδὶ
710 2724 756 2804 τῷ
770 2715 969 2802 ἀπηλιώτη
989 2712 1114 2802 εὖρος·

96 2823 226 2908 ὁμοίως
255 2819 292 2887 δὲ
318 2820 374 2887 καὶ
401 2823 626 2907 ἀπηλιύτου
654 2821 773 2907 μεταξὺ
800 2819 856 2886 καὶ
884 2821 1116 2908 ἀπαρκτίου,

95 2930 132 2996 δ’
149 2926 212 3014 μὲν
238 2929 400 3015 προσεχὴς
427 2937 472 3016 τῷ
499 2928 700 3014 ἀπηλιύτη
728 2932 874 2994 καλεῖται
901 2931 1071 3010 καικίας,
1098 2926 1157 2993 διε

174 3164 231 3212 v.4
255 3155 388 3226 ἀνέκραξε
411 3158 439 3210 Β
552 3153 736 3229 θύριβασίου
757 3157 785 3210 A
897 3155 1066 3227 Βίοβιανδν
1089 3154 1117 3207 Β

99 3234 137 3282 10
157 3225 200 3282 ὅτι
219 3228 246 3282 οἱ
265 3227 315 3297 μὲν
330 3260 364 3268 -
380 3233 413 3281 12
433 3227 525 3291 ἀλλοις
543 3227 650 3302 δΙμὲν
669 3227 748 3284 omis.
767 3228 798 3282 X
817 3229 822 3299 Ι
845 3226 943 3296 ἄνεμοι
961 3228 1025 3295 post
1043 3227 1117 3280 διαι-

97 3299 260 3367 ρούνταιδ
350 3305 381 3352 11
402 3295 489 3354 ὦν-
505 3306 538 3353 12
554 3299 646 3363 ἀλλοις
668 3298 746 3354 omia.
766 3300 798 3353 X
886 3303 919 3351 12
938 3299 1004 3366 post
1026 3295 1118 3359 ἄλλοις

100 3371 236 3424 lacunam
253 3369 388 3439 indicavi,
407 3369 448 3424 sio
466 3370 524 3424 fere
543 3371 722 3442 explendam:
746 3368 896 3442 <εύρόντες
914 3367 1007 3442 αὐτὰ)
1023 3370 1028 3439 ι
1044 3367 1083 3440 οἱ]
1103 3368 1118 3423 δ

100 3441 132 3495 Β
205 3447 239 3494 14
258 3439 314 3495 ἀπὸ
332 3449 382 3510 της
399 3441 503 3504 δύσεως
520 3442 548 3495 Β
622 3448 654 3496 19
674 3439 894 3512 ίαιιυγάκλουσιν
910 3440 938 3494 Α
1010 3445 1042 3494 21
1063 3449 1119 3493 τῶν

101 3511 158 3566 δτω
177 3512 213 3580 A,
233 3529 301 3566 corr.
316 3512 355 3583 A,
419 3518 452 3566 22
470 3531 500 3566 τε
519 3511 597 3568 omis.
613 3514 641 3566 B
701 3519 734 3566 23
753 3510 896 3585 λιβονότος
914 3512 953 3581 Χ,
973 3509 1120 3580 εύρύνοτος

99 3582 203 3652 scripsi
275 3587 309 3635 26
331 3581 486 3652 ἀπηλιάτου
504 3584 531 3637 A
