2524 3984
453 208 658 264 PRAEFATIO
963 209 1067 266 XXXV

66 395 142 453 quem
172 379 280 452 autem,
311 380 347 436 ut
377 377 451 436 haec
482 376 583 437 omnia
609 397 625 437 e
648 377 734 454 Lydo
767 378 952 457 exscriberet,
967 429 969 434 .
984 379 1065 440 illins

65 465 181 525 codicem
204 465 373 526 adhibuerit
395 465 524 526 Parisini
542 466 694 542 librarius,
716 466 805 527 hodie
824 467 985 543 deperditis
1004 487 1066 527 om-

64 553 139 614 nibus
161 555 211 631 qui
228 555 339 632 integri
357 558 444 614 erant
466 555 563 614 dicere
581 555 643 615 iam
666 575 726 616 non
748 573 918 632 possumus3
942 560 1066 618 atvero

66 661 106 719 ea,
128 662 200 720 quae
228 643 317 704 modo
346 644 383 703 de
413 643 512 704 codice
541 644 566 703 P
588 644 825 723 fragmentisque
854 643 997 722 Lydianis
1028 645 1066 705 ab

64 732 110 792 illo
129 733 253 796 senatis
275 732 481 810 dissernimus,
508 733 541 792 in
567 753 661 792 unum
689 736 879 810 conspectum
905 733 1065 811 conferam,

64 840 166 897 moneo,
188 821 288 883 deberi
310 821 380 884 hnic
402 821 496 883 codici
520 840 569 899 es,
592 840 670 899 quae
693 825 798 882 extant
820 822 958 882 editionis
981 843 1011 899 p.
1036 825 1065 898 3,

66 913 232 987 17—7‚14.
262 912 535 988 rata-nola.
559 913 612 988 49,
623 912 798 987 24-53,5.
823 913 874 988 67,
885 914 1026 987 23-69,
1038 915 1065 972 7.
1096 967 1098 970 .

66 1001 231 1074 173‚1-4.
256 1001 481 1076 184,10-16.

120 1089 242 1165 Saepius
272 1092 373 1148 autem
399 1089 444 1165 id,
474 1089 555 1165 quod
579 1089 612 1148 in
640 1088 787 1148 codiceP
818 1087 959 1148 eccidisse
990 1088 1065 1148 vidi·

64 1195 126 1252 mus,
146 1197 203 1238 usu
223 1177 317 1253 venit,
342 1181 379 1238 ut
400 1177 591 1238 astronomici
614 1178 768 1238 cniusdam
790 1180 938 1238 tractatus
962 1180 1066 1237 auctor

64 1263 206 1326 Laurentii
241 1266 278 1326 de
313 1257 465 1326 mensibus
499 1267 610 1328 librum
647 1266 744 1326 adiret
780 1287 816 1326 ex
852 1287 946 1344 eoque
977 1267 1066 1344 plura

64 1357 249 1433 mutuaretur,
280 1355 388 1432 quibus
418 1374 505 1415 suum
534 1358 654 1415 ornaret
686 1357 869 1432 opusculum.
921 1358 957 1415 ut
986 1356 1065 1415 enim

65 1443 205 1526 codicisP
232 1443 372 1504 librarius
403 1463 438 1503 ex
467 1463 555 1521 opere
578 1441 645 1526 περὶ
672 1452 777 1523 μηνῶν
807 1444 991 1521 deprompsit
1021 1463 1065 1521 ea,

67 1550 131 1606 qnae
149 1533 184 1592 dc
202 1533 262 1592 diei
280 1532 451 1593 definitione
469 1533 618 1610 quomodo
636 1533 692 1592 fiat
710 1533 792 1611 apud
810 1533 942 1610 singulas
961 1536 1064 1610 gentes

66 1619 177 1681 inseruit
197 1622 343 1682 mactetui
364 1640 418 1682 suo
444 1620 511 1702 περὶ
538 1621 669 1702 οὐρανοῦ
695 1619 746 1682 καὶ
772 1629 840 1702 γῆς,
868 1622 913 1680 ita
941 1623 1064 1681 alteriue

68 1727 170 1786 qnoque
191 1711 301 1770 codicis
324 1710 459 1771 adhunc
482 1711 561 1771 diem
582 1711 680 1788 ignoti
708 1713 813 1771 auctor
834 1711 948 1788 largius
973 1711 1066 1770 etiam

68 1795 188 1873 Lydiano
221 1818 310 1876 opere
340 1818 411 1860 usus
444 1802 502 1860 est:
553 1799 802 1860 Berolinensis
839 1799 960 1879 graeci
998 1799 1064 1859 dico

67 1885 149 1946 inter
168 1888 465 1949 Hamiltonianos
489 1890 567 1967 555,
594 1888 777 1949 miscellanei
804 1889 917 1950 formae
940 1888 1064 1948 minoris

69 1975 202 2037 chartacei
225 1996 247 2036 s.
266 1977 345 2053 XIV,
367 1978 399 2037 in
424 1978 552 2037 editione
574 1977 605 2036 H
627 1977 735 2037 vocati.
771 1978 860 2036 huius
879 1996 934 2055 ego
955 1977 1065 2036 codicis
1092 2000 1104 2030 c
1137 2019 1141 2028 .

67 2065 191 2124 notitiam
216 2065 308 2126 debeo
329 2066 494 2126 Hermanni
513 2065 638 2126 Useneri
660 2066 847 2142 liberalitati,
870 2066 921 2142 qui
939 2068 975 2124 ut
993 2084 1064 2141 apo·

68 2155 166 2230 grapho
189 2154 227 2214 ab
251 2155 316 2232 ipso
339 2155 419 2215 facto
442 2157 543 2214 uterer
563 2155 689 2232 benigne
708 2154 783 2214 mihi
802 2155 958 2215 concessit:
981 2155 1065 2214 cuius

67 2240 162 2321 insigni
189 2261 263 2322 erga
288 2264 335 2302 me
365 2244 589 2305 benevolentiae
619 2243 733 2322 gratiss
762 2245 819 2303 hoc
849 2262 966 2320 quoque
998 2244 1063 2304 loco

68 2331 160 2392 referre
173 2332 276 2412 ¹liceat.
307 2333 381 2393 folio
401 2334 592 2395 antem160¹
610 2333 719 2393 codicis
737 2332 767 2391 H
789 2332 896 2408 incipit
917 2334 1065 2394 tractatus

69 2420 174 2494 quidam
194 2422 337 2498 anonymi
362 2422 493 2482 auctoris
517 2420 584 2503 περὶ
607 2429 711 2500 μηνῶν
730 2418 782 2481 καὶ
800 2420 911 2502 δρόμον
930 2419 1065 2501 σελήνης,

69 2507 96 2566 de
116 2529 170 2586 quo
193 2513 229 2570 ut
250 2511 356 2570 melius
379 2511 522 2570 iudicium
534 2511 599 2584 fieri
617 2511 721 2587 possit,
745 2510 867 2586 quinam
881 2529 972 2570 nexus
986 2511 1066 2570 inter

68 2595 140 2657 illum
161 2599 336 2676 Lydumque
360 2601 481 2676 existet,
505 2618 655 2678 apponam
682 2599 774 2660 verba
801 2600 864 2658 eius
892 2602 935 2676 et,
957 2600 1010 2659 ubi
1032 2600 1064 2658 in

70 2685 214 2747 editionem
236 2691 357 2764 recepta
379 2693 457 2767 sunt,
479 2689 561 2749 illius
583 2689 710 2768 paginas
732 2707 901 2764 versusque.

66 2862 130 2943 Περὶ
151 2873 256 2944 μηνῶν
278 2862 328 2925 καὶ
351 2864 463 2946 δρόμον
483 2882 528 2925 σε-,
628 2862 694 2944 ἤτοι
712 2873 771 2925 τῶν
789 2862 958 2945 ἀποχύσιωυ
977 2857 1063 2948 (sici)

102 2952 196 3032 λήνης.
235 2951 369 3032 μέλλοντί
392 2977 441 3033 μοι
463 2952 530 3035 περὶ
628 2953 749 3032 ταύτης,
777 2951 939 3034 ἀναγκαῖόν
970 2976 1061 3033 μοι-

101 3051 154 3102 τῶν
176 3051 229 3122 τῆς
250 3042 375 3122 σελήνης
394 3041 530 3104 συνόδων
628 3041 732 3116 ἀκοαῖς
755 3064 783 3120 p.
810 3045 988 3119 ras-10.

102 3128 173 3211 ἐρεῖν
214 3124 279 3192 κατ’
319 3129 462 3211 ἐπιτομὴν
497 3129 530 3192 ἐν

101 3220 261 3299 αανυυίυις,
297 3217 332 3295 ἃς
368 3219 443 3302 πρὸς
478 3219 530 3281 τὸν

101 3307 182 3386 ἥλιον
199 3314 324 3371 ποιεῖται
342 3302 391 3388 ἐφ’
407 3307 530 3371 ἑκάστου

101 3396 191 3476 μηνὸς
224 3407 284 3459 τῶν
315 3396 467 3477 ἐνιαυτῶν,
498 3395 531 3458 ἐν
583 3396 650 3479 περὶ
670 3397 816 3478 διαφορᾶς
834 3395 987 3458 ἐνιαυτῶν.
1016 3395 1062 3456 αἰ-

99 3496 131 3567 τῆ
154 3495 249 3566 ποστῆ
277 3487 383 3548 τούτου
411 3487 531 3568 γίνεται,
585 3542 587 3546 .
628 3487 746 3568 γύπτιοε
760 3484 1063 3566 (ἵε-ἀναγράφουσιν

100 3574 138 3636 ἔτι
166 3573 198 3636 δὲ
229 3575 280 3637 καὶ
311 3585 370 3637 τῶν
395 3576 531 3655 φθίσεων
629 3596 657 3652 p,
683 3577 884 3654 salo-18.

867 3671 901 3728 c*

583 3173 635 3236 τὸν
659 3173 926 3256 μῆνα-ἡμισείας
953 3172 1063 3255 ἡμέρας

628 3285 656 3344 p.
681 3267 732 3342 38,
744 3268 861 3324 1-12.
