2530 3988
368 183 477 238 LIBER
496 182 673 248 QUARTUS.
701 183 814 238 MAIUS
1036 182 1100 246 135

91 347 200 424 τώδεις
225 347 395 432 τοκετούς,
423 347 440 413 6
469 343 506 411 δὲ
529 345 753 432 Ἐμπεδοκλῆς
780 346 886 430 αὐτὴν
913 356 973 412 τοῦ
1000 347 1134 412 acm-S

89 477 185 536 ματος
206 455 269 537 τὴν
291 455 440 531 ἔλλειψιν
462 451 483 536 ἢ
506 453 697 539 ὑπερβολὴν
719 453 870 518 αἰτιᾶται.

44 568 156 623 deesth
177 558 228 624 85.
253 557 324 624 Ὅτι
347 557 545 645 δ’Λμέλιος·
572 562 713 624 Μοῦσαί
733 560 808 643 είσι,
837 563 951 644 φησίν,
975 560 1009 623 αλ
1032 570 1100 624 τῶν

88 677 237 751 σφαιρῶν
263 669 382 750 φυγαί,
415 669 452 731 αἳ
478 667 537 742 τὰς
563 676 631 731 τῶν
657 665 746 732 ὅλων
776 666 952 750 ὐυνόμειόν
981 687 1016 729 τε
1043 662 1098 729 καί

88 771 209 837 οὐσιῶν
233 771 399 859 ἐνεργείας
428 772 507 849 ὅσας
534 773 581 848 είς
608 773 645 836 τὸ
673 781 741 837 πᾶν
768 771 908 855 ἀφιᾶσιν
936 771 1020 856 ὁμοῦ
1043 767 1098 835 καί
1126 796 1139 837 ι

87 879 133 954 είς
153 882 234 963 μίαν
257 880 441 961 συνάγουσι
465 881 664 964 συμφωνίαν
682 879 744 961 τὴν
766 878 832 944 ὑπὸ
854 887 916 944 τοῦ
941 879 1100 963 δημιουρ-

85 995 147 1067 γοῦ
168 983 378 1070 τεταγμένην.

42 1100 149 1155 RrIV54
168 1092 219 1156 86.
235 1090 416 1176 Ἥφαιστοι
430 1089 597 1174 τέσσαρες·
616 1102 746 1174 πρῶτος
757 1090 915 1178 Οὐρανοῦ
933 1089 988 1157 καί
1003 1089 1101 1176 Ἡμέ-
1113 1099 1140 1154 Χ

86 1221 154 1283 ρας,
172 1199 280 1285 πατὴρ
294 1197 504 1275 ’Λπόλλωνος
522 1207 582 1264 τοῦ
597 1196 786 1282 Ἀθηναίων
805 1197 1002 1284 ἀρχηγέτου·
1024 1197 1100 1262 δεύ-

85 1327 177 1389 τερος
199 1307 327 1370 Νείλου
349 1315 437 1389 παίς,
460 1303 501 1370 ὃν
524 1303 705 1386 Αἰγύπτιοι
727 1309 867 1370 καλοῦσι
893 1305 1006 1370 Φθόν·
1029 1306 1099 1389 τρί-
1113 1329 1140 1368 ιο

85 1434 139 1488 τος
171 1410 189 1476 6
221 1413 358 1494 Κρόνου
390 1409 445 1476 καὶ
470 1409 576 1494 Ἥρας
608 1411 627 1478 6
660 1413 823 1496 Λήμνιος,
856 1410 874 1476 6
906 1412 1098 1496 χαλκευτής·

84 1515 237 1603 τέταρτος
256 1515 443 1602 Ἥφαιστος
471 1517 488 1583 6
516 1522 678 1594 Μαντοῦς
705 1517 723 1584 6
751 1519 969 1601 Σικελιώτης,
997 1515 1029 1594 έξ
1058 1511 1099 1582 οὗ

81 1622 316 1726 Ἡφαιστιόύες
330 1625 364 1688 αἱ
382 1633 489 1708 νῆσοι.
526 1625 576 1690 ότι
595 1624 613 1690 6
629 1622 826 1708 Ἥφαιστος,
850 1625 895 1701 ὥς
913 1641 995 1708 φησι
1010 1628 1102 1689 Νου·
1115 1632 1168 1688 XS

84 1734 216 1814 μήνιος,
246 1732 388 1815 γόνιμον
414 1740 482 1817 πῦρ
512 1729 616 1814 ἐστιν,
648 1729 668 1814 ἡ
701 1739 761 1796 τοῦ
793 1728 891 1814 ἡλίου
919 1731 1099 1813 ζωογονικη

84 1839 263 1922 θερμότης·
291 1837 345 1902 διὸ
374 1838 415 1921 δη
442 1835 497 1902 καὶ
525 1839 634 1921 χωλὸν
661 1845 797 1902 ποιοῦσι
824 1838 884 1902 τὸν
900 1835 1100 1922 Ἥφαιστον,
1114 1863 1140 1903 15

83 1942 160 2010 καθ’
184 1943 202 2009 6
226 1944 361 2028 χωλεύει
387 1950 455 2010 καθ
489 1941 610 2027 ἑαυτὴν
631 1942 652 2026 ἡ
675 1952 736 2008 τοῦ
759 1945 864 2030 πυρὸς
885 1944 996 2029 φύσις,
1020 1943 1100 2008 ὅταν

83 2051 127 2135 μὴ
156 2053 413 2136 συγκεκρότηται
441 2061 512 2128 τοῖς
539 2052 660 2126 ἄλλοις.
711 2049 729 2116 6
758 2047 796 2115 δὲ
822 2052 911 2136 παρὰ
930 2049 1100 2134 Ῥωμαίοις

84 2160 224 2240 Κίγκιος
247 2155 350 2241 λέγει,
378 2159 487 2242 χωλὸν
511 2158 556 2222 τὼ
579 2158 662 2222 πόδε
689 2157 749 2222 τὸν
763 2155 953 2242 Ἥφαιστον
976 2157 1100 2241 λαμβά-

84 2271 205 2330 νεσθαι
229 2264 345 2329 διὰτὸ
370 2265 488 2329 όίνισον
515 2272 572 2347 τῆς
599 2262 697 2346 ἡλίου
724 2266 867 2349 πορείας.
913 2263 931 2329 6
960 2259 997 2328 δὲ
1020 2267 1133 2328 Xon-s

85 2370 212 2453 ρωνεύς
234 2388 349 2454 φησιν,
373 2370 423 2437 ὅτι
446 2379 506 2435 τοῦ
529 2371 635 2456 πυρὸς
657 2370 719 2453 τὴν
739 2369 885 2454 δύναμιν
901 2370 1100 2455 προσειπόν-
1113 2395 1140 2436 ιο

84 2500 138 2554 τες
161 2475 353 2560 Ἥφαιστον
384 2472 633 2562 ὐνθρωποειύὲς
668 2471 730 2559 μέν
765 2474 869 2540 αὐτοῦ
900 2475 937 2539 τὸ
970 2475 1100 2559 ἄγαλμα

84 2585 297 2666 πεποιήκασι,
318 2587 419 2648 πῖλον
433 2578 470 2646 δὲ
484 2580 683 2667 περιέθεσαν
702 2582 845 2646 κυοίυεον
862 2590 920 2665 τῆς
939 2566 1100 2666 οὐρανίου

86 2689 258 2773 σύμβολον
279 2697 477 2775 περιφορᾶς·
500 2691 586 2753 ἔνθα
607 2697 669 2754 τοῦ
691 2688 797 2774 πυρὸς
818 2688 856 2752 τὸ
878 2686 1047 2774 ἀρχοειύές
1065 2710 1100 2752 τε

157 2899 182 2935 v.
198 2886 212 2934 1
232 2855 415 2950 Empedocles
438 2879 508 2935 ibid.
527 2899 554 2951 p.
569 2885 637 2934 420·
651 2884 685 2934 νο
777 2885 810 2933 19
829 2879 863 2933 cf.
883 2879 956 2934 Plut.
976 2880 1010 2934 de
1034 2878 1099 2933 aud.

84 2955 159 3023 poet.
180 2969 202 3007 c.
218 2959 234 3006 6
251 2970 280 3022 p.
295 2951 360 3007 2³0

156 3136 213 3186 v.8
234 3131 288 3186 Οίο.
307 3130 341 3186 de
357 3137 415 3186 καί.
435 3131 507 3185 όταν.
523 3129 551 3183 Β
569 3146 658 3200 marg.
716 3133 748 3182 11
768 3125 877 3196 λέμνιος
891 3129 919 3182 Β
978 3134 1011 3181 12
1030 3147 1101 3196 μαν·

84 3211 151 3265 τοῦς
170 3203 208 3271 Χ,
227 3205 353 3272 μαντιόος
372 3201 406 3256 ci.
422 3201 540 3256 Creuzer
612 3207 645 3255 13
665 3199 850 3270 ἡφαιστιώὸες
863 3200 898 3268 Α,
917 3197 1101 3268 ἡφαιστιοίόες

85 3274 122 3343 Β,
137 3255 353 3354 Ἥφαιστιώόεις
371 3272 489 3328 Creuzer
512 3273 517 3344 Ι
543 3269 585 3327 ὅτι
604 3272 619 3327 6
642 3269 822 3352 ’φαιστος-
835 3289 862 3339 p.
879 3274 938 3338 136,
953 3276 969 3324 6
988 3267 1101 3337 όσίρεως

85 3344 126 3416 S}
143 3342 186 3399 ότι
205 3344 219 3399 6
239 3361 317 3399 om1s.
333 3344 365 3398 X
379 3345 383 3416 Ι
399 3343 441 3436 ῦς
460 3360 529 3413 φησι
549 3293 809 3424 Νουμόνιοςσοιηιε.
824 3341 856 3395 Χ
926 3346 960 3396 14
978 3349 1033 3409 πῦρ
1041 3337 1100 3432 ’γό-

85 3413 515 3557 65636’36666362622
530 3419 585 3539 ιῖιῗ
593 3413 1101 3556 εἷὸλιλῖἲῗλιῖιιιῙίιέίίλλαύόὶῗῖ

86 3574 152 3612 στου
170 3556 365 3628 λαμβάνεσθαι
383 3555 454 3629 λέγει
473 3555 523 3610 διὰ
541 3557 574 3610 Χ
645 3561 679 3610 19
697 3553 820 3624 πορείας.
847 3559 898 3609 eet.
919 3555 975 3609 des.
995 3555 1026 3608 X
