2530 3988
328 178 437 234 LIBER
456 176 632 243 QUARTUS.
660 174 869 232 AUGUSTUS‘
1035 176 1097 240 153

90 337 279 424 προέδωκαν
300 340 527 424 ὑπνώσαντες,
555 341 588 406 οἱ
613 336 650 404 δέ
672 347 770 424 χῆνες
793 338 1009 425 ἐγρηγορότες
1031 337 1098 404 όιέ-
1112 349 1138 402 Y

91 462 204 511 σοσαν.
245 447 278 511 ολ
301 444 342 510 δέ
361 462 476 530 φασιν,
499 445 551 511 ὅτι
574 453 673 511 τοῦτο
693 443 840 528 ἐποίουν,
864 445 981 529 ἵναμή
1001 445 1098 529 ὀχλη-

89 550 139 636 ροί
160 563 231 629 τοῖς
253 561 393 618 νοσοῦσι
415 553 536 628 νικιτὸς
558 555 732 634 γίνωνται·
755 552 787 617 οἱ
811 550 858 634 δέ,
882 552 938 615 ’ίνα
958 552 1003 635 μή
1022 557 1098 617 λυτ-

87 669 204 736 τῶντες
230 660 309 735 τοὺς
336 657 539 743 ἀνθρώπους
566 659 749 742 βλάπτωσι·
780 667 960 742 τηνικαῦτα
987 659 1051 744 γάρ
1079 658 1097 723 ὁ

88 769 207 850 σείριος
239 763 424 848 ἀνατέλλει,
463 763 500 841 ὃς
531 763 587 830 καὶ
619 766 711 830 δοκεῖ
741 773 799 849 τῆς
831 764 950 848 λύττης
984 764 1097 841 αὐτοῖς
1125 788 1137 829 ε

86 877 188 948 αίτιος
212 867 306 938 εἶναι.

44 986 153 1042 deesth
177 977 251 1043 115.
266 977 338 1044 Ὅτι
351 975 495 1066 πολὺζέν
512 986 558 1066 τῷ
572 979 673 1062 βάθει
690 987 748 1062 τῆς
765 986 826 1062 γῆς
845 978 1044 1045 έπινοστοῦν
1062 979 1099 1043 τὸ
1115 986 1133 1041 S

86 1086 260 1168 κατάγειον
272 1094 340 1171 πῦρ
355 1086 417 1169 τήν
430 1084 599 1169 πιμελώάη
618 1084 750 1169 νέμεται
763 1085 941 1168 <οὑσίαν>·
961 1085 1044 1169 αὑτη
1064 1084 1094 1150 δ’

85 1189 151 1257 ἐστὶ
167 1194 351 1276 στυπτηρία
364 1190 385 1274 ή
399 1197 510 1258 θεῖον·
528 1190 549 1274 ἡ
568 1192 632 1276 γάρ
651 1192 818 1275 ἄσφαλτος
839 1191 1043 1276 κεκαυμένον
1062 1191 1100 1257 ἐν

84 1307 124 1384 γη
137 1295 195 1363 καὶ
212 1297 542 1383 ἐναποσβεννόμενον
560 1300 658 1363 θελόν
672 1296 754 1362 ἐστι·
772 1296 894 1362 τούτου
908 1301 971 1385 γάρ
986 1300 1023 1364 τὸ
1037 1295 1099 1383 μὲν
1113 1323 1140 1362 ιο

85 1402 130 1469 ἐπ’
159 1405 278 1488 ὀλίγον
310 1402 461 1487 ὑιακαέν,
494 1405 550 1468 ἀτε
577 1413 775 1490 παραχρῆμα
803 1405 1097 1490 ἀιασβεννὺμενον,

82 1509 268 1597 ὑγροτέραν
284 1534 319 1576 τε
336 1508 391 1575 καλ
410 1509 696 1596 πιμελεοὺεστέραν
714 1510 881 1596 ἐργάζεται
895 1511 958 1594 τήν
972 1512 1098 1596 άσφαλ-

82 1641 154 1700 τον,
189 1617 243 1683 οἵα
273 1619 313 1682 τά
344 1614 414 1682 κατ’
438 1621 566 1700 Αίτυην
597 1615 652 1682 καὶ
681 1619 764 1683 κατά
795 1618 857 1701 τήν
886 1616 924 1682 ἐν
951 1615 1099 1703 Ἰουδαίᾳ

81 1727 204 1808 λίμνην
226 1722 426 1807 ἐπινήχεται·
454 1719 592 1789 ὑιακαὲν
619 1720 656 1788 δέ
681 1724 908 1809 σφοδρότερον
931 1729 1098 1811 λνθοῦται,

81 1821 151 1907 οέός
175 1828 266 1895 ἐστιν
289 1830 307 1896 ὑ
331 1831 475 1913 γαγάτης
498 1833 595 1907 λίθος
618 1829 636 1895 ὁ
660 1828 736 1915 περὶ
759 1833 954 1914 Βαβυλῶνα.
999 1830 1097 1914 ήυίκα
1112 1854 1138 1894 ιε

80 1946 166 2018 γοῦν
180 1937 217 2002 τὸ
233 1935 445 2002 ὑπονοστοῦν
463 1937 541 2012 τοὺς
558 1935 798 2020 ὑποκειμένους
816 1934 948 2020 νέμεται
964 1938 1097 2020 τόπους,

80 2039 183 2108 οὐδέν
205 2041 286 2126 ήμῖν
307 2043 417 2118 πάθος
439 2041 645 2108 ἐπιδείκνυσι
663 2050 736 2125 γῆς·
760 2042 886 2108 ὁπόταν
903 2039 940 2107 δὲ
958 2041 1098 2128 ἐργασά-

79 2172 183 2232 μενον
196 2151 305 2214 πολὺν
319 2147 501 2235 ἐξαραιώση
515 2151 629 2232 τόπον,
647 2159 827 2232 τηνικαῦτα
840 2151 1046 2234 θλιβόμενον
1060 2148 1097 2214 έν

78 2266 149 2332 τοῖς
163 2257 344 2340 κοιλώμασι
358 2252 413 2320 καὶ
432 2256 661 2340 σηραγγώάεσι
679 2258 803 2338 τόποις,
822 2257 851 2320 εἰ
869 2251 931 2339 μὲν
948 2254 1097 2340 ἐπιτύχοι

79 2363 292 2447 διεκδρομής,
318 2357 419 2428 οὐδὲν
441 2360 544 2427 πλέον
566 2365 719 2448 βρασμοῦ
741 2370 802 2444 γής
825 2359 881 2427 καὶ
904 2363 1094 2446 μυκήματος
1109 2388 1136 2427 ιο

78 2467 249 2553 ἐργάζεται
272 2458 421 2553 σημείου·
450 2469 480 2533 εί
503 2465 532 2532 δ’
556 2462 598 2533 αὖ
626 2467 718 2553 μένει
745 2468 1002 2552 σωματούμενον
1023 2471 1097 2554 ήτοι

78 2624 107 2640 ..
123 2625 154 2641 ..
173 2575 412 2661 ὑπερκείμενον
429 2575 508 2659 όρος
525 2573 545 2658 ή
564 2583 629 2658 γῆν
646 2573 666 2657 ή
685 2575 871 2658 θάλασσαν,
885 2576 964 2660 όρος
978 2571 1040 2660 μὲν
1053 2577 1097 2652 ὡς

77 2685 114 2748 τὸ
136 2681 174 2747 έν
183 2680 306 2767 Ἰταλίη
319 2679 464 2764 Βέσβιον
479 2679 534 2745 καὶ
548 2680 606 2763 <τὸ
626 2678 684 2763 έν>
698 2681 864 2766 Λιπάραις
877 2681 933 2747 καλ
946 2683 983 2748 τὸ
997 2683 1097 2768 ὑπερ-

77 2793 234 2874 κείμενον
253 2796 311 2871 τής
329 2789 530 2852 Καταναίων
549 2790 676 2863 πόλεως
693 2785 731 2851 ἐν
750 2791 899 2874 Σικελίᾳ,
921 2790 1097 2854 θάλασσαν

77 2893 116 2961 δέ
151 2894 195 2978 ήν
227 2897 410 2970 Παναίτιος
443 2891 563 2977 μεταξὺ
598 2894 750 2980 Λιπάρας
781 2892 836 2959 καλ
867 2904 925 2978 τής
952 2893 1093 2971 Ἰταλίας
1107 2919 1134 2960 ει

78 3003 216 3086 ἱστορεῖ,
238 3008 302 3084 γήν
325 2997 362 3065 ὑὲ
386 2999 440 3064 οἵα
463 3000 618 3084 τυγχάνει
641 3001 730 3086 παρά
753 3001 814 3084 τήν
837 2999 874 3064 ἐν
893 3003 1003 3086 Λυκίη
1020 3000 1096 3065 Κόι-

77 3131 194 3194 ρυκον.
240 3106 280 3172 οὑ
310 3110 416 3191 μόνον
446 3101 483 3171 δέ
511 3105 761 3192 ἀναρρήγνυσιν
787 3109 848 3193 όρη
876 3131 911 3172 τε
937 3104 994 3171 καὶ
1020 3116 1095 3191 γῆν,

78 3214 165 3280 ἀλλά
187 3211 242 3278 καὶ
269 3213 481 3296 <θαλάσσης>
509 3212 751 3297 ἀναφυσήματα
777 3224 879 3296 ποιεῖ,
908 3214 1017 3299 ὥσπερ
1043 3212 1095 3297 γέ-

151 3371 176 3407 v.
192 3358 208 3406 ’ί
226 3352 418 3407 ὑπονοστοὺνλ
438 3351 472 3406 cf.
487 3370 511 3406 v.
528 3358 561 3407 16
619 3349 798 3425 8<οὑσίαν>
813 3350 911 3405 addidi
965 3357 999 3404 22
1018 3351 1124 3422 lacu-v

77 3442 147 3480 nam
164 3422 296 3490 indicavi,
319 3439 405 3491 quam
423 3423 514 3478 verbis
533 3421 732 3495 <θλιβόμενον,
753 3421 893 3491 διάπυρον
911 3421 1095 3493 ἀπεργάζεται

77 3495 133 3568 τὸ)
154 3494 265 3565 explere
283 3493 380 3548 studet
393 3493 419 3548 S.
435 3493 564 3570 Sudhaus
618 3501 652 3548 λθ
673 3493 725 3568 <τό
740 3493 792 3566 ἐν)
811 3493 909 3548 addidi
964 3499 998 3547 28
1018 3493 1095 3567 <θα-

77 3565 202 3639 λάσσης)
222 3564 334 3620 addidit
352 3564 481 3620 Sudhaus
