<?xml version="1.0" encoding="UTF-8"?>
<!DOCTYPE html PUBLIC "-//W3C//DTD XHTML 1.0 Transitional//EN"
    "http://www.w3.org/TR/xhtml1/DTD/xhtml1-transitional.dtd">
<html xmlns="http://www.w3.org/1999/xhtml" xml:lang="en" lang="en">
 <head>
  <title>
</title>
<meta http-equiv="Content-Type" content="text/html;charset=utf-8" />
  <meta name='ocr-system' content='tesseract 3.04.00' />
  <meta name='ocr-capabilities' content='ocr_page ocr_carea ocr_par ocr_line ocrx_word'/>
</head>
<body>
  <div class='ocr_page' id='page_1' title='image "./ioannislaurenti01wuengoog_0024.png"; bbox 0 0 2524 3984; ppageno 0'>
   <div class='ocr_carea' id='block_1_1' title="bbox 487 185 1101 242">
    <p class='ocr_par' dir='ltr' id='par_1_1' title="bbox 487 185 1101 242">
     <span class='ocr_line' id='line_1_1' title="bbox 487 185 1101 242; baseline 0.003 -2"><span class='ocrx_word' id='word_1_1' title='bbox 487 185 693 241; x_wconf 79' lang='lat' dir='ltr'>PRAEFATIO</span> <span class='ocrx_word' id='word_1_2' title='bbox 1022 187 1101 242; x_wconf 87' lang='lat' dir='ltr'>XVII</span> 
     </span>
    </p>
   </div>
   <div class='ocr_carea' id='block_1_2' title="bbox 4 353 1102 3364">
    <p class='ocr_par' dir='ltr' id='par_1_2' title="bbox 4 353 1102 2565">
     <span class='ocr_line' id='line_1_2' title="bbox 82 353 1102 435; baseline 0.002 -21"><span class='ocrx_word' id='word_1_3' title='bbox 82 373 154 414; x_wconf 90' lang='lat' dir='ltr'>cum</span> <span class='ocrx_word' id='word_1_4' title='bbox 172 353 225 430; x_wconf 91' lang='lat' dir='ltr'>IV,</span> <span class='ocrx_word' id='word_1_5' title='bbox 240 355 280 415; x_wconf 83' lang='lat'>89</span> <span class='ocrx_word' id='word_1_6' title='bbox 305 354 374 413; x_wconf 89' lang='lat' dir='ltr'>inde</span> <span class='ocrx_word' id='word_1_7' title='bbox 393 373 412 414; x_wconf 88' lang='lat' dir='ltr'>a</span> <span class='ocrx_word' id='word_1_8' title='bbox 434 374 463 430; x_wconf 88' lang='lat' dir='ltr'>p.</span> <span class='ocrx_word' id='word_1_9' title='bbox 484 355 557 428; x_wconf 86' lang='grc'>137,</span> <span class='ocrx_word' id='word_1_10' title='bbox 569 354 598 428; x_wconf 82' lang='grc'>5,</span> <span class='ocrx_word' id='word_1_11' title='bbox 619 353 673 412; x_wconf 92' lang='lat' dir='ltr'>ubi</span> <span class='ocrx_word' id='word_1_12' title='bbox 692 354 771 414; x_wconf 86' lang='lat' dir='ltr'>inter</span> <span class='ocrx_word' id='word_1_13' title='bbox 788 354 903 415; x_wconf 88' lang='lat' dir='ltr'>codices</span> <span class='ocrx_word' id='word_1_14' title='bbox 921 355 953 413; x_wconf 93' lang='lat' dir='ltr'>in</span> <span class='ocrx_word' id='word_1_15' title='bbox 967 356 1102 435; x_wconf 77' lang='lat' dir='ltr'>margine</span> 
     </span>
     <span class='ocr_line' id='line_1_3' title="bbox 81 441 1101 520; baseline 0.003 -18"><span class='ocrx_word' id='word_1_16' title='bbox 81 444 256 503; x_wconf 86' lang='lat' dir='ltr'>notatcsR</span> <span class='ocrx_word' id='word_1_17' title='bbox 283 443 383 503; x_wconf 88' lang='lat' dir='ltr'>omitti</span> <span class='ocrx_word' id='word_1_18' title='bbox 411 462 471 504; x_wconf 91' lang='lat' dir='ltr'>non</span> <span class='ocrx_word' id='word_1_19' title='bbox 499 441 608 500; x_wconf 89' lang='lat' dir='ltr'>debuit.</span> <span class='ocrx_word' id='word_1_20' title='bbox 656 441 675 519; x_wconf 64' lang='grc' dir='ltr'><strong>ἓ</strong></span> <span class='ocrx_word' id='word_1_21' title='bbox 700 445 718 502; x_wconf 88' lang='grc'><strong>6</strong></span> <span class='ocrx_word' id='word_1_22' title='bbox 744 469 785 492; x_wconf 88' lang='lat'>=</span> <span class='ocrx_word' id='word_1_23' title='bbox 808 444 862 518; x_wconf 84' lang='lat' dir='ltr'>IV,</span> <span class='ocrx_word' id='word_1_24' title='bbox 883 446 923 503; x_wconf 79' lang='lat'>14</span> <span class='ocrx_word' id='word_1_25' title='bbox 951 465 980 520; x_wconf 91' lang='lat' dir='ltr'>p.</span> <span class='ocrx_word' id='word_1_26' title='bbox 1005 447 1101 520; x_wconf 82' lang='lat'>77,9:</span> 
     </span>
     <span class='ocr_line' id='line_1_4' title="bbox 82 530 1102 594; baseline 0.002 -2"><span class='ocrx_word' id='word_1_27' title='bbox 82 532 170 592; x_wconf 89' lang='lat' dir='ltr'>cuius</span> <span class='ocrx_word' id='word_1_28' title='bbox 193 535 324 591; x_wconf 82' lang='lat' dir='ltr'>extrema</span> <span class='ocrx_word' id='word_1_29' title='bbox 347 551 414 591; x_wconf 90' lang='lat' dir='ltr'>cum</span> <span class='ocrx_word' id='word_1_30' title='bbox 436 551 455 591; x_wconf 93' lang='lat' dir='ltr'>a</span> <span class='ocrx_word' id='word_1_31' title='bbox 477 530 627 591; x_wconf 79' lang='lat' dir='ltr'><strong>codicibus</strong></span> <span class='ocrx_word' id='word_1_32' title='bbox 645 533 825 592; x_wconf 81' lang='lat' dir='ltr'>recensionis</span> <span class='ocrx_word' id='word_1_33' title='bbox 842 534 870 592; x_wconf 91' lang='lat' dir='ltr'>X</span> <span class='ocrx_word' id='word_1_34' title='bbox 888 534 1048 594; x_wconf 87' lang='lat' dir='ltr'>tradantur</span> <span class='ocrx_word' id='word_1_35' title='bbox 1065 537 1102 594; x_wconf 87' lang='lat' dir='ltr'>ut</span> 
     </span>
     <span class='ocr_line' id='line_1_5' title="bbox 4 620 1100 699; baseline 0.001 -18"><span class='ocrx_word' id='word_1_36' title='bbox 4 629 5 640; x_wconf 60' lang='lat'>¹</span> <span class='ocrx_word' id='word_1_37' title='bbox 82 641 153 681; x_wconf 84' lang='lat' dir='ltr'>vere</span> <span class='ocrx_word' id='word_1_38' title='bbox 176 620 322 697; x_wconf 83' lang='lat' dir='ltr'>Lydiana,</span> <span class='ocrx_word' id='word_1_39' title='bbox 349 639 476 696; x_wconf 91' lang='lat' dir='ltr'>cumque</span> <span class='ocrx_word' id='word_1_40' title='bbox 500 639 536 678; x_wconf 82' lang='lat' dir='ltr'>ex</span> <span class='ocrx_word' id='word_1_41' title='bbox 558 639 617 680; x_wconf 93' lang='lat' dir='ltr'>uno</span> <span class='ocrx_word' id='word_1_42' title='bbox 642 621 804 698; x_wconf 91' lang='lat' dir='ltr'>eodemque</span> <span class='ocrx_word' id='word_1_43' title='bbox 828 626 949 682; x_wconf 86' lang='lat' dir='ltr'>auctore</span> <span class='ocrx_word' id='word_1_44' title='bbox 973 623 1100 699; x_wconf 89' lang='lat' dir='ltr'>exscrip-</span> 
     </span>
     <span class='ocr_line' id='line_1_6' title="bbox 81 709 1100 787; baseline 0.002 -19"><span class='ocrx_word' id='word_1_45' title='bbox 81 714 148 769; x_wconf 89' lang='lat' dir='ltr'>tam</span> <span class='ocrx_word' id='word_1_46' title='bbox 171 727 235 769; x_wconf 87' lang='lat' dir='ltr'>esse</span> <span class='ocrx_word' id='word_1_47' title='bbox 262 713 358 770; x_wconf 87' lang='lat' dir='ltr'>totam</span> <span class='ocrx_word' id='word_1_48' title='bbox 385 709 493 770; x_wconf 91' lang='lat' dir='ltr'>codicis</span> <span class='ocrx_word' id='word_1_49' title='bbox 516 709 544 768; x_wconf 86' lang='lat' dir='ltr'><strong>R</strong></span> <span class='ocrx_word' id='word_1_50' title='bbox 570 711 792 787; x_wconf 79' lang='lat' dir='ltr'>paragraphum</span> <span class='ocrx_word' id='word_1_51' title='bbox 821 713 939 787; x_wconf 85' lang='lat' dir='ltr'>pateat,</span> <span class='ocrx_word' id='word_1_52' title='bbox 968 715 1100 771; x_wconf 90' lang='lat' dir='ltr'>nonest</span> 
     </span>
     <span class='ocr_line' id='line_1_7' title="bbox 82 798 1100 875; baseline 0.003 -18"><span class='ocrx_word' id='word_1_53' title='bbox 82 799 226 874; x_wconf 88' lang='lat' dir='ltr'>dubium,</span> <span class='ocrx_word' id='word_1_54' title='bbox 263 799 337 874; x_wconf 93' lang='lat' dir='ltr'>quin</span> <span class='ocrx_word' id='word_1_55' title='bbox 368 798 490 858; x_wconf 88' lang='lat' dir='ltr'>initium</span> <span class='ocrx_word' id='word_1_56' title='bbox 526 817 645 875; x_wconf 90' lang='lat' dir='ltr'>quoque</span> <span class='ocrx_word' id='word_1_57' title='bbox 679 799 841 859; x_wconf 89' lang='lat' dir='ltr'>Laurentio</span> <span class='ocrx_word' id='word_1_58' title='bbox 876 798 1100 860; x_wconf 83' lang='lat' dir='ltr'>attribuendum</span> 
     </span>
     <span class='ocr_line' id='line_1_8' title="bbox 80 885 1099 970; baseline 0.003 -24"><span class='ocrx_word' id='word_1_59' title='bbox 80 889 293 964; x_wconf 90' lang='lat' dir='ltr'>integrumque</span> <span class='ocrx_word' id='word_1_60' title='bbox 319 887 351 946; x_wconf 91' lang='lat' dir='ltr'>in</span> <span class='ocrx_word' id='word_1_61' title='bbox 375 887 535 947; x_wconf 76' lang='lat' dir='ltr'>editionem</span> <span class='ocrx_word' id='word_1_62' title='bbox 554 888 595 947; x_wconf 88' lang='lat' dir='ltr'>sit</span> <span class='ocrx_word' id='word_1_63' title='bbox 612 887 822 964; x_wconf 88' lang='lat' dir='ltr'>recipiendum.</span> <span class='ocrx_word' id='word_1_64' title='bbox 860 885 879 964; x_wconf 66' lang='grc' dir='ltr'><strong>ξ</strong></span> <span class='ocrx_word' id='word_1_65' title='bbox 895 892 913 948; x_wconf 84' lang='grc'>7</span> <span class='ocrx_word' id='word_1_66' title='bbox 929 885 995 970; x_wconf 74' lang='grc' dir='ltr'><strong><em>περὶ</em></strong></span> <span class='ocrx_word' id='word_1_67' title='bbox 1013 885 1099 966; x_wconf 75' lang='grc' dir='ltr'><em>ἡλίου</em></span> 
     </span>
     <span class='ocr_line' id='line_1_9' title="bbox 81 977 1100 1053; baseline 0.003 -18"><span class='ocrx_word' id='word_1_68' title='bbox 81 977 212 1053; x_wconf 88' lang='lat' dir='ltr'>denique</span> <span class='ocrx_word' id='word_1_69' title='bbox 240 977 386 1052; x_wconf 86' lang='lat' dir='ltr'>exscripta</span> <span class='ocrx_word' id='word_1_70' title='bbox 414 979 459 1036; x_wconf 90' lang='lat' dir='ltr'>est</span> <span class='ocrx_word' id='word_1_71' title='bbox 482 995 497 1036; x_wconf 92' lang='lat' dir='ltr'>e</span> <span class='ocrx_word' id='word_1_72' title='bbox 520 977 577 1052; x_wconf 90' lang='lat' dir='ltr'>HI,</span> <span class='ocrx_word' id='word_1_73' title='bbox 592 979 643 1052; x_wconf 82' lang='grc'>12,</span> <span class='ocrx_word' id='word_1_74' title='bbox 674 977 726 1036; x_wconf 92' lang='lat' dir='ltr'>ubi</span> <span class='ocrx_word' id='word_1_75' title='bbox 752 977 860 1037; x_wconf 89' lang='lat' dir='ltr'>codicis</span> <span class='ocrx_word' id='word_1_76' title='bbox 888 978 915 1036; x_wconf 85' lang='lat' dir='ltr'><strong>R</strong></span> <span class='ocrx_word' id='word_1_77' title='bbox 942 978 1100 1038; x_wconf 88' lang='lat' dir='ltr'>lectionem</span> 
     </span>
     <span class='ocr_line' id='line_1_10' title="bbox 80 1057 1098 1147; baseline 0.003 -23"><span class='ocrx_word' id='word_1_78' title='bbox 80 1067 114 1124; x_wconf 88' lang='lat' dir='ltr'>in</span> <span class='ocrx_word' id='word_1_79' title='bbox 137 1066 288 1142; x_wconf 88' lang='lat' dir='ltr'>apparatu</span> <span class='ocrx_word' id='word_1_80' title='bbox 311 1064 414 1124; x_wconf 90' lang='lat' dir='ltr'>addidi</span> <span class='ocrx_word' id='word_1_81' title='bbox 437 1058 479 1147; x_wconf 89' lang='lat' dir='ltr'>(p.</span> <span class='ocrx_word' id='word_1_82' title='bbox 505 1057 570 1147; x_wconf 84' lang='lat'>53).</span> <span class='ocrx_word' id='word_1_83' title='bbox 615 1085 712 1142; x_wconf 89' lang='lat' dir='ltr'>neque</span> <span class='ocrx_word' id='word_1_84' title='bbox 735 1085 806 1125; x_wconf 89' lang='lat' dir='ltr'>vero</span> <span class='ocrx_word' id='word_1_85' title='bbox 833 1066 963 1126; x_wconf 83' lang='lat' dir='ltr'>alienam</span> <span class='ocrx_word' id='word_1_86' title='bbox 986 1067 1098 1128; x_wconf 80' lang='lat' dir='ltr'>alibro</span> 
     </span>
     <span class='ocr_line' id='line_1_11' title="bbox 80 1151 1099 1235; baseline 0.001 -21"><span class='ocrx_word' id='word_1_87' title='bbox 80 1155 118 1214; x_wconf 94' lang='lat' dir='ltr'>de</span> <span class='ocrx_word' id='word_1_88' title='bbox 141 1154 293 1214; x_wconf 91' lang='lat' dir='ltr'>mensibus</span> <span class='ocrx_word' id='word_1_89' title='bbox 318 1155 488 1230; x_wconf 85' lang='lat' dir='ltr'>putaverim</span> <span class='ocrx_word' id='word_1_90' title='bbox 511 1151 531 1230; x_wconf 65' lang='grc' dir='ltr'><strong><em>ξ</em></strong></span> <span class='ocrx_word' id='word_1_91' title='bbox 557 1156 573 1214; x_wconf 91' lang='grc'>1</span> <span class='ocrx_word' id='word_1_92' title='bbox 598 1151 663 1234; x_wconf 70' lang='grc' dir='ltr'>περὶ</span> <span class='ocrx_word' id='word_1_93' title='bbox 687 1154 888 1235; x_wconf 75' lang='grc' dir='ltr'><em>βρονμνλίωνε</em></span> <span class='ocrx_word' id='word_1_94' title='bbox 916 1174 987 1214; x_wconf 87' lang='lat' dir='ltr'>nam</span> <span class='ocrx_word' id='word_1_95' title='bbox 1010 1159 1042 1215; x_wconf 92' lang='lat' dir='ltr'>et</span> <span class='ocrx_word' id='word_1_96' title='bbox 1063 1157 1099 1215; x_wconf 92' lang='lat' dir='ltr'>de</span> 
     </span>
     <span class='ocr_line' id='line_1_12' title="bbox 4 1243 1098 1319; baseline 0.004 -17"><span class='ocrx_word' id='word_1_97' title='bbox 4 1249 5 1276; x_wconf 63' lang='lat'><em>³</em></span> <span class='ocrx_word' id='word_1_98' title='bbox 78 1244 127 1316; x_wconf 91' lang='lat' dir='ltr'>his</span> <span class='ocrx_word' id='word_1_99' title='bbox 150 1243 315 1304; x_wconf 84' lang='lat' dir='ltr'>Laurentio</span> <span class='ocrx_word' id='word_1_100' title='bbox 339 1243 498 1304; x_wconf 90' lang='lat' dir='ltr'>dicendum</span> <span class='ocrx_word' id='word_1_101' title='bbox 521 1244 599 1319; x_wconf 89' lang='lat' dir='ltr'>erat,</span> <span class='ocrx_word' id='word_1_102' title='bbox 631 1262 700 1302; x_wconf 87' lang='lat' dir='ltr'>cum</span> <span class='ocrx_word' id='word_1_103' title='bbox 727 1243 905 1304; x_wconf 74' lang='lat' dir='ltr'>describeret</span> <span class='ocrx_word' id='word_1_104' title='bbox 927 1244 1098 1306; x_wconf 85' lang='lat' dir='ltr'>Decembris</span> 
     </span>
     <span class='ocr_line' id='line_1_13' title="bbox 78 1331 1099 1410; baseline 0.003 -19"><span class='ocrx_word' id='word_1_105' title='bbox 78 1332 192 1392; x_wconf 86' lang='lat' dir='ltr'>mensis</span> <span class='ocrx_word' id='word_1_106' title='bbox 213 1332 274 1392; x_wconf 89' lang='lat' dir='ltr'>dies</span> <span class='ocrx_word' id='word_1_107' title='bbox 296 1332 398 1408; x_wconf 77' lang='lat' dir='ltr'>festae,</span> <span class='ocrx_word' id='word_1_108' title='bbox 422 1334 453 1391; x_wconf 90' lang='lat' dir='ltr'>et</span> <span class='ocrx_word' id='word_1_109' title='bbox 476 1331 593 1392; x_wconf 90' lang='lat' dir='ltr'>dicendi</span> <span class='ocrx_word' id='word_1_110' title='bbox 610 1351 713 1410; x_wconf 89' lang='lat' dir='ltr'>genus,</span> <span class='ocrx_word' id='word_1_111' title='bbox 737 1332 817 1408; x_wconf 93' lang='lat' dir='ltr'>quod</span> <span class='ocrx_word' id='word_1_112' title='bbox 835 1333 867 1392; x_wconf 89' lang='lat' dir='ltr'>in</span> <span class='ocrx_word' id='word_1_113' title='bbox 885 1333 941 1394; x_wconf 93' lang='lat' dir='ltr'>hoc</span> <span class='ocrx_word' id='word_1_114' title='bbox 961 1338 1099 1410; x_wconf 83' lang='lat' dir='ltr'>excerpto</span> 
     </span>
     <span class='ocr_line' id='line_1_14' title="bbox 79 1420 1098 1500; baseline 0.002 -19"><span class='ocrx_word' id='word_1_115' title='bbox 79 1422 265 1497; x_wconf 87' lang='lat' dir='ltr'>observatur,</span> <span class='ocrx_word' id='word_1_116' title='bbox 289 1440 357 1481; x_wconf 93' lang='lat' dir='ltr'>cum</span> <span class='ocrx_word' id='word_1_117' title='bbox 379 1420 515 1498; x_wconf 90' lang='lat' dir='ltr'>Lydiano</span> <span class='ocrx_word' id='word_1_118' title='bbox 537 1439 659 1497; x_wconf 85' lang='lat' dir='ltr'>prorsus</span> <span class='ocrx_word' id='word_1_119' title='bbox 683 1440 844 1499; x_wconf 72' lang='lat' dir='ltr'>congruere</span> <span class='ocrx_word' id='word_1_120' title='bbox 863 1422 967 1482; x_wconf 87' lang='lat' dir='ltr'>statim</span> <span class='ocrx_word' id='word_1_121' title='bbox 990 1441 1098 1500; x_wconf 90' lang='lat' dir='ltr'>cogno-</span> 
     </span>
     <span class='ocr_line' id='line_1_15' title="bbox 79 1509 1099 1588; baseline 0.001 -18"><span class='ocrx_word' id='word_1_122' title='bbox 79 1510 170 1570; x_wconf 86' lang='lat' dir='ltr'>veris.</span> <span class='ocrx_word' id='word_1_123' title='bbox 208 1509 323 1570; x_wconf 90' lang='lat' dir='ltr'>accedit</span> <span class='ocrx_word' id='word_1_124' title='bbox 345 1511 454 1586; x_wconf 90' lang='lat' dir='ltr'>autem,</span> <span class='ocrx_word' id='word_1_125' title='bbox 478 1509 560 1586; x_wconf 92' lang='lat' dir='ltr'>quod</span> <span class='ocrx_word' id='word_1_126' title='bbox 582 1513 685 1586; x_wconf 86' lang='lat' dir='ltr'>aperto</span> <span class='ocrx_word' id='word_1_127' title='bbox 709 1529 788 1570; x_wconf 84' lang='lat' dir='ltr'>nexu</span> <span class='ocrx_word' id='word_1_128' title='bbox 811 1511 1004 1588; x_wconf 88' lang='lat' dir='ltr'>coniungitur</span> <span class='ocrx_word' id='word_1_129' title='bbox 1025 1512 1099 1572; x_wconf 86' lang='lat' dir='ltr'>haec</span> 
     </span>
     <span class='ocr_line' id='line_1_16' title="bbox 78 1598 1098 1677; baseline 0 -19"><span class='ocrx_word' id='word_1_130' title='bbox 78 1599 288 1677; x_wconf 73' lang='lat' dir='ltr'>paragraphus</span> <span class='ocrx_word' id='word_1_131' title='bbox 312 1617 380 1658; x_wconf 90' lang='lat' dir='ltr'>cum</span> <span class='ocrx_word' id='word_1_132' title='bbox 401 1598 558 1658; x_wconf 89' lang='lat' dir='ltr'>Laurentii</span> <span class='ocrx_word' id='word_1_133' title='bbox 584 1599 773 1676; x_wconf 87' lang='lat' dir='ltr'>fragmentis,</span> <span class='ocrx_word' id='word_1_134' title='bbox 802 1618 879 1676; x_wconf 87' lang='lat' dir='ltr'>quaa</span> <span class='ocrx_word' id='word_1_135' title='bbox 906 1600 945 1658; x_wconf 93' lang='lat' dir='ltr'>ad</span> <span class='ocrx_word' id='word_1_136' title='bbox 967 1601 1098 1660; x_wconf 82' lang='lat' dir='ltr'>Novem-</span> 
     </span>
     <span class='ocr_line' id='line_1_17' title="bbox 79 1688 1098 1764; baseline 0.002 -18"><span class='ocrx_word' id='word_1_137' title='bbox 79 1689 166 1747; x_wconf 91' lang='lat' dir='ltr'>brem</span> <span class='ocrx_word' id='word_1_138' title='bbox 188 1691 220 1747; x_wconf 91' lang='lat' dir='ltr'>et</span> <span class='ocrx_word' id='word_1_139' title='bbox 241 1688 434 1747; x_wconf 87' lang='lat' dir='ltr'>Decembrem</span> <span class='ocrx_word' id='word_1_140' title='bbox 463 1705 578 1746; x_wconf 89' lang='lat' dir='ltr'>menses</span> <span class='ocrx_word' id='word_1_141' title='bbox 603 1691 753 1764; x_wconf 81' lang='lat' dir='ltr'>spectant:</span> <span class='ocrx_word' id='word_1_142' title='bbox 782 1688 874 1749; x_wconf 77' lang='lat' dir='ltr'>verba</span> <span class='ocrx_word' id='word_1_143' title='bbox 904 1689 983 1746; x_wconf 89' lang='lat' dir='ltr'>enim</span> <span class='ocrx_word' id='word_1_144' title='bbox 1009 1689 1098 1748; x_wconf 89' lang='lat' dir='ltr'>huius</span> 
     </span>
     <span class='ocr_line' id='line_1_18' title="bbox 82 1766 1094 1857; baseline 0.001 -21"><span class='ocrx_word' id='word_1_145' title='bbox 82 1777 214 1853; x_wconf 86' lang='lat' dir='ltr'>excerpti</span> <span class='ocrx_word' id='word_1_146' title='bbox 245 1773 403 1857; x_wconf 69' lang='grc' dir='ltr'><em>ἀργοῦντες</em></span> <span class='ocrx_word' id='word_1_147' title='bbox 433 1766 489 1837; x_wconf 74' lang='grc' dir='ltr'>οὖν</span> <span class='ocrx_word' id='word_1_148' title='bbox 518 1774 551 1836; x_wconf 88' lang='grc' dir='ltr'>τὸ</span> <span class='ocrx_word' id='word_1_149' title='bbox 580 1775 717 1853; x_wconf 77' lang='grc' dir='ltr'><em>τηνικάδε</em></span> <span class='ocrx_word' id='word_1_150' title='bbox 744 1776 776 1836; x_wconf 85' lang='grc' dir='ltr'>οἱ</span> <span class='ocrx_word' id='word_1_151' title='bbox 801 1772 936 1855; x_wconf 82' lang='grc' dir='ltr'><em>Ῥωμαῖοι</em></span> <span class='ocrx_word' id='word_1_152' title='bbox 966 1795 1025 1853; x_wconf 87' lang='lat' dir='ltr'>eqs.</span> <span class='ocrx_word' id='word_1_153' title='bbox 1049 1797 1094 1838; x_wconf 89' lang='lat' dir='ltr'>re·</span> 
     </span>
     <span class='ocr_line' id='line_1_19' title="bbox 79 1861 1096 1944; baseline 0.001 -20"><span class='ocrx_word' id='word_1_154' title='bbox 79 1865 152 1924; x_wconf 83' lang='lat' dir='ltr'>feni</span> <span class='ocrx_word' id='word_1_155' title='bbox 184 1868 271 1942; x_wconf 89' lang='lat' dir='ltr'>patet</span> <span class='ocrx_word' id='word_1_156' title='bbox 302 1865 340 1925; x_wconf 88' lang='lat' dir='ltr'>ad</span> <span class='ocrx_word' id='word_1_157' title='bbox 370 1886 399 1941; x_wconf 93' lang='lat' dir='ltr'>p.</span> <span class='ocrx_word' id='word_1_158' title='bbox 425 1866 502 1941; x_wconf 89' lang='grc'>168,</span> <span class='ocrx_word' id='word_1_159' title='bbox 523 1867 563 1926; x_wconf 81' lang='lat'>21</span> <span class='ocrx_word' id='word_1_160' title='bbox 597 1861 655 1925; x_wconf 80' lang='grc' dir='ltr'>ἀπὸ</span> <span class='ocrx_word' id='word_1_161' title='bbox 688 1861 720 1924; x_wconf 76' lang='grc' dir='ltr'>δὲ</span> <span class='ocrx_word' id='word_1_162' title='bbox 752 1874 804 1944; x_wconf 77' lang='grc' dir='ltr'>τῆς</span> <span class='ocrx_word' id='word_1_163' title='bbox 835 1865 1096 1944; x_wconf 76' lang='grc' dir='ltr'><strong><em>πεντεκαιδεκάτης</em></strong></span> 
     </span>
     <span class='ocr_line' id='line_1_20' title="bbox 4 1943 1099 2035; baseline 0.001 -22"><span class='ocrx_word' id='word_1_164' title='bbox 4 1943 5 1954; x_wconf 57' lang='grc'>’</span> <span class='ocrx_word' id='word_1_165' title='bbox 78 1963 132 2015; x_wconf 82' lang='grc' dir='ltr'>τοῦ</span> <span class='ocrx_word' id='word_1_166' title='bbox 167 1953 337 2033; x_wconf 83' lang='grc' dir='ltr'><em>Νοεμβρίοο</em></span> <span class='ocrx_word' id='word_1_167' title='bbox 374 1951 472 2035; x_wconf 74' lang='grc' dir='ltr'><strong><em>μέχρις</em></strong></span> <span class='ocrx_word' id='word_1_168' title='bbox 509 1951 579 2014; x_wconf 81' lang='grc' dir='ltr'><em>ὅλον</em></span> <span class='ocrx_word' id='word_1_169' title='bbox 613 1961 665 2014; x_wconf 80' lang='grc' dir='ltr'>τοῦ</span> <span class='ocrx_word' id='word_1_170' title='bbox 697 1954 881 2033; x_wconf 83' lang='grc' dir='ltr'><strong><em>Δεκεμβρίου</em></strong></span> <span class='ocrx_word' id='word_1_171' title='bbox 916 1951 1030 2034; x_wconf 71' lang='grc' dir='ltr'><em>ἤργουν</em></span> <span class='ocrx_word' id='word_1_172' title='bbox 1067 1955 1099 2015; x_wconf 80' lang='grc' dir='ltr'>οἱ</span> 
     </span>
     <span class='ocr_line' id='line_1_21' title="bbox 74 2035 1096 2123; baseline -0.001 -19"><span class='ocrx_word' id='word_1_173' title='bbox 74 2035 213 2121; x_wconf 66' lang='grc' dir='ltr'><em>Ῥωμαῖοι</em></span> <span class='ocrx_word' id='word_1_174' title='bbox 241 2045 310 2120; x_wconf 84' lang='lat' dir='ltr'>etc,</span> <span class='ocrx_word' id='word_1_175' title='bbox 340 2047 370 2102; x_wconf 86' lang='lat' dir='ltr'>ct</span> <span class='ocrx_word' id='word_1_176' title='bbox 396 2043 429 2101; x_wconf 92' lang='lat' dir='ltr'>id</span> <span class='ocrx_word' id='word_1_177' title='bbox 456 2042 537 2120; x_wconf 90' lang='lat' dir='ltr'>quod</span> <span class='ocrx_word' id='word_1_178' title='bbox 563 2043 595 2100; x_wconf 90' lang='lat' dir='ltr'>in</span> <span class='ocrx_word' id='word_1_179' title='bbox 621 2042 680 2101; x_wconf 88' lang='lat' dir='ltr'>fine</span> <span class='ocrx_word' id='word_1_180' title='bbox 703 2045 951 2102; x_wconf 88' lang='lat' dir='ltr'>commemoratur</span> <span class='ocrx_word' id='word_1_181' title='bbox 979 2039 1096 2123; x_wconf 83' lang='grc' dir='ltr'><strong><em>ὁΚρό-</em></strong></span> 
     </span>
     <span class='ocr_line' id='line_1_22' title="bbox 4 2128 1096 2213; baseline -0.003 -21"><span class='ocrx_word' id='word_1_182' title='bbox 4 2193 5 2206; x_wconf 60' lang='grc'>,</span> <span class='ocrx_word' id='word_1_183' title='bbox 76 2153 132 2204; x_wconf 88' lang='grc' dir='ltr'>νος</span> <span class='ocrx_word' id='word_1_184' title='bbox 162 2128 202 2203; x_wconf 78' lang='grc' dir='ltr'>ὡς</span> <span class='ocrx_word' id='word_1_185' title='bbox 233 2129 431 2213; x_wconf 76' lang='grc' dir='ltr'>ταρταρωθεὶς</span> <span class='ocrx_word' id='word_1_186' title='bbox 463 2129 522 2192; x_wconf 74' lang='grc' dir='ltr'>ὑπὸ</span> <span class='ocrx_word' id='word_1_187' title='bbox 552 2139 606 2192; x_wconf 84' lang='grc' dir='ltr'>τοῦ</span> <span class='ocrx_word' id='word_1_188' title='bbox 632 2129 719 2208; x_wconf 84' lang='grc' dir='ltr'>Διός,</span> <span class='ocrx_word' id='word_1_189' title='bbox 751 2131 845 2192; x_wconf 84' lang='lat' dir='ltr'>fusius</span> <span class='ocrx_word' id='word_1_190' title='bbox 879 2131 1043 2207; x_wconf 82' lang='lat' dir='ltr'>explicatur</span> <span class='ocrx_word' id='word_1_191' title='bbox 1064 2132 1096 2190; x_wconf 89' lang='lat' dir='ltr'>in</span> 
     </span>
     <span class='ocr_line' id='line_1_23' title="bbox 4 2211 1097 2299; baseline 0 -19"><span class='ocrx_word' id='word_1_192' title='bbox 4 2211 5 2272; x_wconf 75' lang='grc' dir='ltr'>Ϊ</span> <span class='ocrx_word' id='word_1_193' title='bbox 78 2221 277 2297; x_wconf 79' lang='lat' dir='ltr'>subsequenti</span> <span class='ocrx_word' id='word_1_194' title='bbox 300 2220 438 2282; x_wconf 79' lang='lat' dir='ltr'>editionis</span> <span class='ocrx_word' id='word_1_195' title='bbox 466 2221 654 2299; x_wconf 73' lang='lat' dir='ltr'>paragrapho</span> <span class='ocrx_word' id='word_1_196' title='bbox 676 2220 813 2295; x_wconf 85' lang='lat' dir='ltr'>IV,159.</span> <span class='ocrx_word' id='word_1_197' title='bbox 859 2239 935 2296; x_wconf 91' lang='lat' dir='ltr'>quae</span> <span class='ocrx_word' id='word_1_198' title='bbox 963 2239 1030 2279; x_wconf 93' lang='lat' dir='ltr'>cum</span> <span class='ocrx_word' id='word_1_199' title='bbox 1051 2220 1097 2280; x_wconf 87' lang='lat' dir='ltr'>ita</span> 
     </span>
     <span class='ocr_line' id='line_1_24' title="bbox 4 2307 1097 2391; baseline 0.001 -22"><span class='ocrx_word' id='word_1_200' title='bbox 4 2337 5 2386; x_wconf 81' lang='lat' dir='ltr'>j</span> <span class='ocrx_word' id='word_1_201' title='bbox 77 2313 192 2386; x_wconf 87' lang='lat' dir='ltr'>essent,</span> <span class='ocrx_word' id='word_1_202' title='bbox 222 2308 355 2369; x_wconf 86' lang='lat' dir='ltr'>tribuere</span> <span class='ocrx_word' id='word_1_203' title='bbox 384 2309 439 2369; x_wconf 93' lang='lat' dir='ltr'>hoc</span> <span class='ocrx_word' id='word_1_204' title='bbox 468 2307 535 2389; x_wconf 76' lang='grc' dir='ltr'><strong><em>περὶ</em></strong></span> <span class='ocrx_word' id='word_1_205' title='bbox 565 2308 755 2391; x_wconf 80' lang='grc' dir='ltr'><em>βροομαλίτον</em></span> <span class='ocrx_word' id='word_1_206' title='bbox 784 2309 985 2387; x_wconf 82' lang='lat' dir='ltr'>fragmentum</span> <span class='ocrx_word' id='word_1_207' title='bbox 1011 2309 1097 2386; x_wconf 87' lang='lat' dir='ltr'>Lydo</span> 
     </span>
     <span class='ocr_line' id='line_1_25' title="bbox 4 2391 1098 2475; baseline 0 -17"><span class='ocrx_word' id='word_1_208' title='bbox 4 2397 6 2458; x_wconf 60' lang='lat' dir='ltr'>t</span> <span class='ocrx_word' id='word_1_209' title='bbox 75 2419 138 2460; x_wconf 92' lang='lat' dir='ltr'>non</span> <span class='ocrx_word' id='word_1_210' title='bbox 172 2391 337 2474; x_wconf 84' lang='lat' dir='ltr'>dubitavi,¹</span> <span class='ocrx_word' id='word_1_211' title='bbox 368 2398 399 2456; x_wconf 91' lang='lat' dir='ltr'>in</span> <span class='ocrx_word' id='word_1_212' title='bbox 427 2398 588 2459; x_wconf 88' lang='lat' dir='ltr'>editionem</span> <span class='ocrx_word' id='word_1_213' title='bbox 614 2398 713 2474; x_wconf 90' lang='lat' dir='ltr'>recepi</span> <span class='ocrx_word' id='word_1_214' title='bbox 740 2400 776 2457; x_wconf 90' lang='lat' dir='ltr'>ut</span> <span class='ocrx_word' id='word_1_215' title='bbox 803 2401 881 2458; x_wconf 87' lang='lat' dir='ltr'>esset</span> <span class='ocrx_word' id='word_1_216' title='bbox 902 2399 973 2457; x_wconf 90' lang='lat' dir='ltr'>libri</span> <span class='ocrx_word' id='word_1_217' title='bbox 996 2399 1098 2475; x_wconf 84' lang='lat' dir='ltr'>quanti</span> 
     </span>
     <span class='ocr_line' id='line_1_26' title="bbox 4 2486 489 2565; baseline -0.004 -19"><span class='ocrx_word' id='word_1_218' title='bbox 4 2519 5 2524; x_wconf 17' lang='grc' dir='ltr'><strong><em>κ</em></strong></span> <span class='ocrx_word' id='word_1_219' title='bbox 77 2486 98 2562; x_wconf 66' lang='grc' dir='ltr'><strong>ξ</strong></span> <span class='ocrx_word' id='word_1_220' title='bbox 124 2489 198 2563; x_wconf 84' lang='grc'>158,</span> <span class='ocrx_word' id='word_1_221' title='bbox 221 2508 250 2565; x_wconf 89' lang='lat' dir='ltr'>p.</span> <span class='ocrx_word' id='word_1_222' title='bbox 276 2489 400 2562; x_wconf 81' lang='lat'>173,18</span> <span class='ocrx_word' id='word_1_223' title='bbox 425 2505 489 2564; x_wconf 90' lang='lat' dir='ltr'>sqq.</span> 
     </span>
    </p>

    <p class='ocr_par' dir='ltr' id='par_1_3' title="bbox 4 2551 1097 3364">
     <span class='ocr_line' id='line_1_27' title="bbox 4 2551 1096 2653; baseline -0.002 -17"><span class='ocrx_word' id='word_1_224' title='bbox 4 2551 5 2582; x_wconf 46' lang='lat'>¹</span> <span class='ocrx_word' id='word_1_225' title='bbox 148 2575 282 2653; x_wconf 77' lang='lat' dir='ltr'>Cumque</span> <span class='ocrx_word' id='word_1_226' title='bbox 306 2576 402 2636; x_wconf 89' lang='lat' dir='ltr'>adhuc</span> <span class='ocrx_word' id='word_1_227' title='bbox 425 2576 534 2652; x_wconf 86' lang='lat' dir='ltr'>omnia,</span> <span class='ocrx_word' id='word_1_228' title='bbox 557 2580 709 2652; x_wconf 87' lang='lat' dir='ltr'>quotquot</span> <span class='ocrx_word' id='word_1_229' title='bbox 731 2579 801 2638; x_wconf 88' lang='lat' dir='ltr'>sunt</span> <span class='ocrx_word' id='word_1_230' title='bbox 821 2577 928 2653; x_wconf 88' lang='lat' dir='ltr'>capitis</span> <span class='ocrx_word' id='word_1_231' title='bbox 948 2577 1046 2653; x_wconf 88' lang='lat' dir='ltr'>quinti</span> <span class='ocrx_word' id='word_1_232' title='bbox 1064 2577 1096 2634; x_wconf 91' lang='lat' dir='ltr'>in</span> 
     </span>
     <span class='ocr_line' id='line_1_28' title="bbox 4 2664 1097 2742; baseline 0 -18"><span class='ocrx_word' id='word_1_233' title='bbox 4 2697 5 2704; x_wconf 70' lang='lat'>.</span> <span class='ocrx_word' id='word_1_234' title='bbox 78 2664 226 2724; x_wconf 86' lang='lat' dir='ltr'>codiceR</span> <span class='ocrx_word' id='word_1_235' title='bbox 249 2668 397 2742; x_wconf 88' lang='lat' dir='ltr'>excerpta,</span> <span class='ocrx_word' id='word_1_236' title='bbox 420 2665 459 2724; x_wconf 91' lang='lat' dir='ltr'>ad</span> <span class='ocrx_word' id='word_1_237' title='bbox 476 2665 593 2741; x_wconf 84' lang='lat' dir='ltr'>Lydum</span> <span class='ocrx_word' id='word_1_238' title='bbox 614 2665 829 2740; x_wconf 89' lang='lat' dir='ltr'>rettulerimus,</span> <span class='ocrx_word' id='word_1_239' title='bbox 851 2666 1019 2742; x_wconf 86' lang='lat' dir='ltr'>proximum</span> <span class='ocrx_word' id='word_1_240' title='bbox 1042 2669 1097 2741; x_wconf 87' lang='lat' dir='ltr'>est,</span> 
     </span>
     <span class='ocr_line' id='line_1_29' title="bbox 4 2748 1096 2834; baseline 0 -22"><span class='ocrx_word' id='word_1_241' title='bbox 4 2767 5 2780; x_wconf 63' lang='lat'>¹</span> <span class='ocrx_word' id='word_1_242' title='bbox 75 2757 112 2812; x_wconf 92' lang='lat' dir='ltr'>ut</span> <span class='ocrx_word' id='word_1_243' title='bbox 134 2753 169 2813; x_wconf 94' lang='lat' dir='ltr'>id</span> <span class='ocrx_word' id='word_1_244' title='bbox 191 2754 272 2830; x_wconf 89' lang='lat' dir='ltr'>quod</span> <span class='ocrx_word' id='word_1_245' title='bbox 299 2755 395 2815; x_wconf 87' lang='lat' dir='ltr'>solum</span> <span class='ocrx_word' id='word_1_246' title='bbox 421 2757 517 2814; x_wconf 90' lang='lat' dir='ltr'>restat</span> <span class='ocrx_word' id='word_1_247' title='bbox 543 2751 609 2833; x_wconf 77' lang='grc' dir='ltr'><strong><em>περὶ</em></strong></span> <span class='ocrx_word' id='word_1_248' title='bbox 629 2748 744 2834; x_wconf 82' lang='grc' dir='ltr'><em>Ἴστρον</em></span> <span class='ocrx_word' id='word_1_249' title='bbox 766 2762 820 2815; x_wconf 84' lang='grc' dir='ltr'>τοῦ</span> <span class='ocrx_word' id='word_1_250' title='bbox 842 2761 977 2832; x_wconf 76' lang='grc' dir='ltr'><em>ποταμοῦ</em></span> <span class='ocrx_word' id='word_1_251' title='bbox 1000 2754 1096 2812; x_wconf 88' lang='lat' dir='ltr'>eidem</span> 
     </span>
     <span class='ocr_line' id='line_1_30' title="bbox 4 2842 1095 2919; baseline -0.005 -13"><span class='ocrx_word' id='word_1_252' title='bbox 4 2843 6 2906; x_wconf 71' lang='grc' dir='ltr'>ἰ</span> <span class='ocrx_word' id='word_1_253' title='bbox 74 2843 197 2902; x_wconf 86' lang='lat' dir='ltr'>auctori</span> <span class='ocrx_word' id='word_1_254' title='bbox 224 2842 416 2902; x_wconf 85' lang='lat' dir='ltr'>vindicemus.</span> <span class='ocrx_word' id='word_1_255' title='bbox 462 2842 515 2902; x_wconf 93' lang='lat' dir='ltr'>sed</span> <span class='ocrx_word' id='word_1_256' title='bbox 541 2843 698 2919; x_wconf 90' lang='lat' dir='ltr'>quominus</span> <span class='ocrx_word' id='word_1_257' title='bbox 722 2843 753 2901; x_wconf 93' lang='lat' dir='ltr'>id</span> <span class='ocrx_word' id='word_1_258' title='bbox 781 2843 927 2903; x_wconf 83' lang='lat' dir='ltr'>faciamus</span> <span class='ocrx_word' id='word_1_259' title='bbox 949 2863 1010 2903; x_wconf 89' lang='lat' dir='ltr'>uno</span> <span class='ocrx_word' id='word_1_260' title='bbox 1033 2861 1095 2900; x_wconf 94' lang='lat' dir='ltr'>mo·</span> 
     </span>
     <span class='ocr_line' id='line_1_31' title="bbox 72 2930 1096 3008; baseline -0.001 -17"><span class='ocrx_word' id='word_1_261' title='bbox 72 2935 180 2991; x_wconf 90' lang='lat' dir='ltr'>mento</span> <span class='ocrx_word' id='word_1_262' title='bbox 212 2950 306 3008; x_wconf 88' lang='lat' dir='ltr'>eoque</span> <span class='ocrx_word' id='word_1_263' title='bbox 343 2930 458 2991; x_wconf 85' lang='lat' dir='ltr'>affatim</span> <span class='ocrx_word' id='word_1_264' title='bbox 490 2932 575 3008; x_wconf 84' lang='lat' dir='ltr'>gravi</span> <span class='ocrx_word' id='word_1_265' title='bbox 606 2931 793 3008; x_wconf 91' lang='lat' dir='ltr'>impedimur.</span> <span class='ocrx_word' id='word_1_266' title='bbox 847 2933 1096 2992; x_wconf 83' lang='lat' dir='ltr'>commemoratur</span> 
     </span>
     <span class='ocr_line' id='line_1_32' title="bbox 72 3019 1093 3098; baseline -0.001 -19"><span class='ocrx_word' id='word_1_267' title='bbox 72 3020 159 3079; x_wconf 88' lang='lat' dir='ltr'>enim</span> <span class='ocrx_word' id='word_1_268' title='bbox 181 3020 214 3078; x_wconf 92' lang='lat' dir='ltr'>in</span> <span class='ocrx_word' id='word_1_269' title='bbox 235 3021 292 3081; x_wconf 91' lang='lat' dir='ltr'>hoc</span> <span class='ocrx_word' id='word_1_270' title='bbox 318 3023 453 3080; x_wconf 85' lang='lat' dir='ltr'>tractatu</span> <span class='ocrx_word' id='word_1_271' title='bbox 478 3020 565 3080; x_wconf 87' lang='lat' dir='ltr'>Nilus</span> <span class='ocrx_word' id='word_1_272' title='bbox 595 3020 703 3080; x_wconf 79' lang='lat' dir='ltr'>fluvius</span> <span class='ocrx_word' id='word_1_273' title='bbox 733 3021 856 3098; x_wconf 92' lang='lat' dir='ltr'>eiusque</span> <span class='ocrx_word' id='word_1_274' title='bbox 887 3019 1093 3079; x_wconf 87' lang='lat' dir='ltr'>exundationis</span> 
     </span>
     <span class='ocr_line' id='line_1_33' title="bbox 72 3107 1094 3186; baseline -0.001 -18"><span class='ocrx_word' id='word_1_275' title='bbox 72 3127 182 3185; x_wconf 83' lang='lat' dir='ltr'>causa,</span> <span class='ocrx_word' id='word_1_276' title='bbox 206 3128 266 3186; x_wconf 90' lang='lat' dir='ltr'>qua</span> <span class='ocrx_word' id='word_1_277' title='bbox 289 3108 324 3168; x_wconf 91' lang='lat' dir='ltr'>de</span> <span class='ocrx_word' id='word_1_278' title='bbox 347 3129 379 3168; x_wconf 91' lang='lat' dir='ltr'>re</span> <span class='ocrx_word' id='word_1_279' title='bbox 402 3107 517 3184; x_wconf 85' lang='lat' dir='ltr'>etipse</span> <span class='ocrx_word' id='word_1_280' title='bbox 539 3109 719 3169; x_wconf 86' lang='lat' dir='ltr'>Laurentius</span> <span class='ocrx_word' id='word_1_281' title='bbox 746 3110 875 3186; x_wconf 83' lang='lat' dir='ltr'>amplior</span> <span class='ocrx_word' id='word_1_282' title='bbox 898 3109 996 3169; x_wconf 91' lang='lat' dir='ltr'>estin</span> <span class='ocrx_word' id='word_1_283' title='bbox 1018 3107 1094 3167; x_wconf 85' lang='lat' dir='ltr'>libro</span> 
     </span>
     <span class='ocr_line' id='line_1_34' title="bbox 71 3195 1095 3275; baseline -0.003 -19"><span class='ocrx_word' id='word_1_284' title='bbox 71 3199 112 3256; x_wconf 91' lang='lat' dir='ltr'>de</span> <span class='ocrx_word' id='word_1_285' title='bbox 135 3197 290 3258; x_wconf 88' lang='lat' dir='ltr'>mensibus</span> <span class='ocrx_word' id='word_1_286' title='bbox 312 3199 356 3256; x_wconf 79' lang='lat' dir='ltr'>IV</span> <span class='ocrx_word' id='word_1_287' title='bbox 380 3197 399 3275; x_wconf 63' lang='grc' dir='ltr'>ξ</span> <span class='ocrx_word' id='word_1_288' title='bbox 424 3199 501 3272; x_wconf 75' lang='lat'>1073</span> <span class='ocrx_word' id='word_1_289' title='bbox 530 3198 573 3256; x_wconf 89' lang='lat' dir='ltr'>ibi</span> <span class='ocrx_word' id='word_1_290' title='bbox 603 3217 669 3257; x_wconf 89' lang='lat' dir='ltr'>eam</span> <span class='ocrx_word' id='word_1_291' title='bbox 698 3218 798 3258; x_wconf 87' lang='lat' dir='ltr'>mense</span> <span class='ocrx_word' id='word_1_292' title='bbox 827 3198 904 3258; x_wconf 91' lang='lat' dir='ltr'>Iulio</span> <span class='ocrx_word' id='word_1_293' title='bbox 935 3197 999 3256; x_wconf 89' lang='lat' dir='ltr'>fieri</span> <span class='ocrx_word' id='word_1_294' title='bbox 1022 3195 1095 3254; x_wconf 90' lang='lat' dir='ltr'>dicit</span> 
     </span>
     <span class='ocr_line' id='line_1_35' title="bbox 71 3286 1094 3364; baseline -0.004 -17"><span class='ocrx_word' id='word_1_295' title='bbox 71 3290 196 3364; x_wconf 81' lang='lat' dir='ltr'>auctor,</span> <span class='ocrx_word' id='word_1_296' title='bbox 233 3287 287 3363; x_wconf 92' lang='lat' dir='ltr'>qui</span> <span class='ocrx_word' id='word_1_297' title='bbox 323 3286 503 3346; x_wconf 87' lang='lat' dir='ltr'>enumeratis</span> <span class='ocrx_word' id='word_1_298' title='bbox 539 3287 739 3363; x_wconf 87' lang='lat' dir='ltr'>plurimorum</span> <span class='ocrx_word' id='word_1_299' title='bbox 774 3287 908 3347; x_wconf 88' lang='lat' dir='ltr'>virorum</span> <span class='ocrx_word' id='word_1_300' title='bbox 940 3287 1094 3345; x_wconf 87' lang='lat' dir='ltr'>doctorum</span> 
     </span>
    </p>
   </div>
   <div class='ocr_carea' id='block_1_3' title="bbox 69 3489 1093 3634">
    <p class='ocr_par' dir='ltr' id='par_1_4' title="bbox 69 3489 1093 3634">
     <span class='ocr_line' id='line_1_36' title="bbox 155 3489 1093 3558; baseline -0.007 -11.815"><span class='ocrx_word' id='word_1_301' title='bbox 155 3490 346 3548; x_wconf 84' lang='lat' dir='ltr'>¹Consentire</span> <span class='ocrx_word' id='word_1_302' title='bbox 368 3491 516 3548; x_wconf 83' lang='lat' dir='ltr'>mohac</span> <span class='ocrx_word' id='word_1_303' title='bbox 508 3511 538 3546; x_wconf 83' lang='lat' dir='ltr'>ur</span> <span class='ocrx_word' id='word_1_304' title='bbox 560 3491 692 3546; x_wconf 79' lang='lat' dir='ltr'>resideo</span> <span class='ocrx_word' id='word_1_305' title='bbox 716 3507 778 3544; x_wconf 87' lang='lat' dir='ltr'>cum</span> <span class='ocrx_word' id='word_1_306' title='bbox 798 3489 946 3546; x_wconf 81' lang='lat' dir='ltr'>Francisco</span> <span class='ocrx_word' id='word_1_307' title='bbox 965 3489 1093 3558; x_wconf 71' lang='lat' dir='ltr'>dumont,</span> 
     </span>
     <span class='ocr_line' id='line_1_37' title="bbox 69 3563 696 3634; baseline -0.003 -16"><span class='ocrx_word' id='word_1_308' title='bbox 69 3565 146 3618; x_wconf 84' lang='lat' dir='ltr'>Rev.</span> <span class='ocrx_word' id='word_1_309' title='bbox 168 3563 202 3618; x_wconf 90' lang='lat' dir='ltr'>de</span> <span class='ocrx_word' id='word_1_310' title='bbox 220 3563 317 3634; x_wconf 93' lang='lat' dir='ltr'>philol.</span> <span class='ocrx_word' id='word_1_311' title='bbox 337 3563 401 3618; x_wconf 89' lang='lat' dir='ltr'>XXI</span> <span class='ocrx_word' id='word_1_312' title='bbox 421 3568 535 3634; x_wconf 77' lang='lat' dir='ltr'>1897p.</span> <span class='ocrx_word' id='word_1_313' title='bbox 556 3568 606 3617; x_wconf 79' lang='lat'>149</span> <span class='ocrx_word' id='word_1_314' title='bbox 624 3581 651 3618; x_wconf 88' lang='lat' dir='ltr'>n.</span> <span class='ocrx_word' id='word_1_315' title='bbox 673 3568 696 3617; x_wconf 94' lang='lat'>1.</span> 
     </span>
    </p>
   </div>
   <div class='ocr_carea' id='block_1_4' title="bbox 4 3635 933 3704">
    <p class='ocr_par' dir='ltr' id='par_1_5' title="bbox 4 3635 933 3704">
     <span class='ocr_line' id='line_1_38' title="bbox 4 3635 933 3704; baseline 0.002 -2"><span class='ocrx_word' id='word_1_316' title='bbox 4 3605 428 3704; x_wconf 50' lang='grc' dir='ltr'>1παυσατο.ιιννοιιιακ</span> <span class='ocrx_word' id='word_1_317' title='bbox 915 3650 933 3704; x_wconf 95' lang='lat' dir='ltr'>b</span> 
     </span>
    </p>
   </div>
   <div class='ocr_carea' id='block_1_5' title="bbox 0 0 1266 3984">
    <p class='ocr_par' dir='ltr' id='par_1_6' title="bbox 0 0 1266 3984">
     <span class='ocr_line' id='line_1_39' title="bbox 0 0 1266 3984; baseline 0 2"><span class='ocrx_word' id='word_1_318' title='bbox 0 0 1266 3984; x_wconf 95' lang='lat' dir='ltr'> </span> 
     </span>
    </p>
   </div>
  </div>
 </body>
</html>
