2530 3988
321 217 429 270 LIBER
449 216 625 282 QUARTUS.
654 219 794 274 APRILIS
1003 219 1066 284 123

57 381 93 445 οῖ
112 375 146 444 δέ
166 383 320 456 Φοίνικες
343 378 480 464 βασιλέα
503 380 608 466 φασὶν
631 379 734 446 αὐτὸν
757 380 915 465 γενέσθαι
939 383 1066 448 δικαιό-
1081 394 1130 447 XS

55 509 161 570 τατον,
184 488 267 552 ὥστε
289 488 351 570 τῆν
373 486 449 574 περὶ
473 489 575 554 αὐτοῦ
597 487 699 566 δόξαν
717 493 889 574 κρείττονα
907 487 1065 571 γενέσθαι
1153 527 1155 532 -

55 603 115 658 τοῦ
135 595 273 680 χρόνου·
296 593 398 678 ταύτη
415 597 552 678 Κρόνον
573 593 725 677 ἐκβαλεῖν
747 605 805 678 τῆς
827 598 996 678 βασιλείας
1015 593 1066 660 λέ-

58 723 154 782 γεται,
173 697 277 765 οἱονεὶ
296 700 355 764 τὸν
368 702 492 784 χρόνον
510 698 565 764 καὶ
584 701 645 784 τῆν
664 699 696 778 ἐξ
716 700 819 766 αὐτοῦ
839 705 948 785 λη’θην
966 701 1066 787 ὑπερ-

58 809 175 888 βαλεῖν.
211 805 229 871 δ
244 802 281 871 δὲ
292 807 455 890 ’χΜηλίας
468 807 534 872 ὑπὸ
549 805 748 892 Ἀμαλθείας
767 807 870 872 αὐτὸν
888 817 1067 893 τραφῆναι,
1081 821 1106 873 X

57 904 126 978 οἷον
148 913 184 978 ἐκ
206 923 264 998 τῆς
287 913 469 997 δυνάμεως,
492 911 664 979 τουτέστιν
687 912 723 978 ἐκ
746 923 804 998 τῆς
822 913 1066 998 ἀμαλακιστίας.
1094 944 1107 982 ο

55 1019 74 1086 ὁ
98 1017 131 1085 δὲ
154 1020 288 1106 Κράτης
315 1019 375 1084 τὸν
396 1021 533 1104 Κρόνον
561 1017 643 1103 φησὶ
667 1023 824 1096 Σικελίας
850 1018 906 1085 καὶ
926 1019 1068 1098 Ἰταλίας

54 1125 107 1190 καὶ
129 1135 190 1192 τοῦ
212 1129 370 1191 πλείστου
393 1125 515 1211 μέρους
537 1135 595 1210 τῆς
617 1126 745 1210 Λιβύης
768 1129 963 1210 βασιλεῦσαι
987 1127 1069 1211 ἀπη-

57 1245 129 1316 νῶς,
151 1234 212 1298 τὸν
235 1228 272 1297 δὲ
295 1233 417 1299 τούτου
439 1233 517 1297 υἱὸν
539 1231 719 1298 ἐπιθέσθαι
743 1241 789 1320 τῷ
811 1231 912 1320 πατρὶ
935 1232 991 1299 καὶ
1009 1218 1068 1299 αὐ-

56 1341 112 1405 τὸν
134 1337 195 1424 μὲν
218 1341 265 1416 εἰς
289 1342 428 1423 ἔσχατον
447 1338 560 1404 ἐλάσαι
583 1349 642 1423 τῆς
660 1341 797 1423 δύσεως,
819 1339 1012 1424 ἡμερώτατα
1030 1337 1069 1404 δὲ
1083 1370 1109 1408 ιο

56 1456 110 1530 τῆς
131 1450 301 1531 βασιλείας
325 1445 578 1530 ἀντιλαβέσθαι,
605 1445 659 1511 καὶ
684 1448 740 1511 διὰ
763 1455 862 1512 τοῦτο
886 1453 1069 1530 τιμηθῆναι

56 1553 98 1630 ὡς
119 1557 210 1619 θεόν.
252 1551 495 1638 Ἐρατοσθένης
518 1577 555 1635 χε
578 1554 644 1638 μὴν
667 1555 726 1618 τὸν
744 1557 813 1618 Δία
837 1552 874 1617 ἐν
894 1563 933 1638 τῆ
953 1556 1068 1639 Κρήτη
1142 1545 1149 1558 ’

55 1667 209 1744 τεχθῆναι
233 1659 336 1743 λέχει,
361 1659 519 1727 κάκεῖθεν
542 1661 598 1725 διὰ
621 1661 681 1724 τὸν
703 1662 840 1744 Κρόνου
863 1661 973 1744 φόβον
995 1683 1070 1743 μετ-

57 1773 233 1860 ενεχθῆναι
260 1767 306 1842 είς
330 1766 453 1844 Νάξον.
500 1767 655 1851 Εὔμηλος
683 1762 720 1830 δὲ
748 1765 766 1830 δ
789 1769 976 1851 Κορίνθιος
1008 1766 1069 1831 τὸν

57 1877 121 1938 Δία
148 1873 185 1938 έν
213 1883 252 1958 τῆ
280 1871 357 1937 καθ’
380 1873 465 1956 ἡμᾶς
490 1874 602 1959 Λυδίᾳ
629 1878 788 1957 τεχθῆναι
816 1873 985 1956 βούλεται,
1013 1871 1069 1937 καὶ
1084 1901 1109 1941 15
1179 1921 1183 1934 .

57 1985 179 2062 μᾶλλον
210 1979 369 2062 ἀληθεύει
400 1981 481 2045 ὅσον
509 1979 545 2044 έν
575 1981 717 2066 ἱστορίᾳ·
750 1982 798 2044 ἔτι
828 1981 892 2064 γὰρ
922 1977 977 2043 καὶ
1005 1989 1069 2043 νῦν

55 2087 136 2171 πρὸς
167 2095 213 2174 τῷ
248 2088 371 2172 δυτικῷ
408 2096 466 2170 τῆς
498 2088 701 2172 Σαρδιανῶν
734 2089 860 2162 πόλεως
892 2083 983 2171 μέρει
1016 2084 1065 2150 ἐπ’
1094 2109 1096 2113 ·

57 2191 235 2279 ἀκρωρείας
267 2202 327 2258 τοῦ
362 2194 502 2278 Τμώλου
534 2196 635 2270 τόπος
667 2192 772 2276 ἐστίν,
806 2192 842 2269 ὃς
874 2194 976 2270 πάλαι
1009 2188 1070 2276 μὲν

59 2297 159 2364 Γοναὶ
181 2300 267 2375 Διὸς
289 2299 417 2383 ὑετίου,
446 2309 510 2364 νῦν
534 2295 570 2364 δὲ
593 2302 860 2385 παρατραπείσης
887 2305 933 2386 τῷ
960 2301 1069 2385 χρόνῳ

57 2415 111 2488 τῆς
143 2405 259 2484 λέξεως
286 2407 435 2472 Λεόσιον
466 2406 757 2492 προσαγορεύεται.
810 2405 956 2490 φύλακες
985 2401 1110 2488 ῆσανεο

58 2513 87 2576 οἱ
110 2513 288 2599 Κούρητες.
335 2514 430 2578 ἀλλοι
452 2511 662 2598 Προμηθέως
685 2509 790 2597 φασὶν
813 2507 899 2576 εἶναι
923 2513 1000 2576 υἱὸν
1023 2513 1071 2578 οἱ-

59 2616 124 2683 ονεὶ
153 2629 210 2703 τῆς
237 2623 406 2705 προνοίας.
453 2621 485 2684 ολ
508 2616 546 2684 δέ
569 2624 717 2684 πλεῖστοι
744 2629 812 2712 τῶν
836 2613 989 2703 φυσικῶν
1011 2621 1071 2685 τὸν

58 2728 124 2789 Δία
141 2723 267 2790 Ἰδαῖον
290 2721 375 2791 εἶναι
398 2727 578 2809 βούλονται
605 2722 661 2789 καὶ
688 2731 848 2808 τεχθῆναι
872 2724 909 2790 έν
932 2737 970 2812 τῆ
988 2725 1070 2812 Ἴδη,

59 2830 225 2896 τουτέστιν
248 2831 285 2897 ἐν
307 2841 354 2921 τῷ
378 2834 468 2917 παρὰ
481 2831 556 2918 Ἴδη
584 2830 741 2919 ὁρωμένῳ
765 2831 906 2919 οὐρανῷ.
952 2841 1010 2916 τῆς
1033 2829 1071 2897 δὲ

125 2989 149 3024 v.
170 2977 185 3024 7
211 2970 307 3026 Crates
335 2969 405 3038 ibssd.
432 2971 485 3042 frg.
506 2977 521 3024 9
631 2976 664 3024 12
683 2970 884 3026 Eratosthenes
911 2970 1015 3025 catast.
1036 2975 1071 3023 30

60 3046 89 3094 14
107 3040 240 3096 Eumelus
258 3042 311 3113 frg.
325 3041 404 3096 XVII
422 3041 637 3097 Marckseheffel

126 3173 179 3220 v.1
201 3164 244 3220 ὅτι
263 3166 290 3220 οὶ
309 3164 436 3235 φοίνικες
454 3165 502 3221 δία
520 3165 585 3221 τινὰ
604 3164 737 3237 γενέσθαι
756 3167 826 3236 φασὶ
845 3163 959 3238 βασιλέα
976 3173 1072 3220 τοσοῦ-

58 3255 104 3292 τον
122 3235 350 3293 δικαιότατον-
366 3245 383 3291 4
402 3239 568 3310 ὑπερβαλεῖν
587 3238 608 3293 8
680 3243 696 3290 3
714 3237 801 3308 ταότη
817 3270 850 3276 -
866 3243 883 3290 4
901 3237 951 3292 τὸν
969 3233 1072 3307 χρόνον

60 3308 134 3364 omis.
149 3310 177 3364 B
202 3311 206 3380 1
232 3310 281 3364 καὶ
298 3308 384 3378 ταότη
404 3309 426 3364 S
448 3311 453 3380 λ
479 3305 662 3381 έκβάλλεινβ
732 3315 817 3363 4τοῡ
841 3304 943 3378 χρόνου
962 3308 998 3376 Α,
1021 3308 1071 3362 τὸν

60 3377 195 3446 χρόνονᾶ
302 3378 479 3449 5Μηλισίας
502 3379 535 3435 ci.
555 3379 679 3434 Creuzer.
708 3396 746 3433 an
760 3376 895 3449 ’Λμέλιοςλ
923 3378 957 3433 cf.
975 3378 1021 3447 IV,
1037 3385 1072 3432 85

60 3455 74 3501 6
88 3449 244 3520 ἀμαλακίας
254 3452 291 3520 Χ,
308 3469 375 3506 corr.
387 3453 430 3506 Rr
476 3457 492 3506 9
507 3449 662 3506 πείθεσθαι
672 3452 709 3520 Χ,
720 3449 877 3505 ἐπιθέσθαι
885 3451 929 3505 Rr
975 3456 1007 3504 11
1023 3451 1072 3504 καὶ

60 3520 210 3578 αὐτόνδιὰ
233 3531 315 3577 τοῦτο
335 3523 375 3592 Β,
399 3523 447 3576 καὶ
471 3521 502 3577 δὲ
523 3529 605 3576 τοῦτο
623 3524 650 3576 A
725 3528 757 3576 17
770 3519 854 3592 Ιμένει
873 3522 915 3591 Χ,
940 3519 1015 3591 μέρει
1029 3522 1073 3576 Ετ

62 3596 91 3644 18
109 3596 228 3663 τιμώλου
246 3593 273 3647 A
347 3600 380 3647 23
399 3591 482 3663 ῆδιου
501 3593 536 3661 Α,
556 3594 650 3648 ίδαῖον
669 3595 697 3647 Β
770 3600 804 3646 24
823 3591 906 3662 ἥδιον
924 3593 960 3661 Α,
980 3593 1027 3664 ίδη
1044 3594 1072 3647 Β
