2530 3988
314 145 423 245 ma
442 191 620 258 QUARTUS.
648 190 848 246 DECEMBER
1026 190 1087 253 177

73 356 202 420 σάντων
216 354 353 420 ἐκείνων
367 357 428 438 τὴν
441 353 517 442 περί
537 356 641 420 αὐτὸν
660 358 877 440 φιλοσοφίαν,
895 352 951 419 καί
969 357 1020 430 τίς
1041 365 1130 419 τε-Χ

71 462 211 546 τύχηκεν
234 463 296 527 ἀν·
323 458 421 539 οὗτος
443 464 507 548 γάρ
531 462 600 528 ἐστι
624 463 661 527 τὸ
686 463 816 547 θερμὸν
838 471 969 546 πνεῦμα
991 462 1029 526 τὸ
1053 461 1089 526 ἐκ

71 569 176 651 πάσης
190 579 316 654 σπορᾶς
331 570 455 646 παντὸς
469 570 554 648 ζώου
568 577 795 653 πνευματικοῦ
810 567 1088 652 συγκατατιθέμε-

70 699 133 739 νον
146 676 194 751 είς
208 679 390 759 ζωογονίαν
404 675 459 741 καὶ
474 674 614 760 αὔξησιν
627 677 763 742 πάντων
776 687 844 740 τῶν
859 673 896 740 ἐν
909 682 955 762 τῷ
966 677 1088 763 κόσμςο.

70 784 285 868 μηροτραφὴς
308 778 345 846 δὲ
368 781 509 866 ἐκλήθη,
538 780 608 846 ἐπεὶ
632 781 669 846 ἐν
691 792 763 858 ταῖς
785 779 918 865 μηνιγξι
941 779 996 846 καὶ
1019 792 1090 858 τοῖς
1117 808 1129 848 5

71 891 184 971 ὄγκοις
207 900 278 966 τοῖς
300 893 452 973 γονίμοις
479 887 535 954 καὶ
558 899 630 964 ταῖς
652 886 756 972 φλεψὶ
781 899 853 965 ταῖς
877 887 914 953 ἐν
936 899 1006 965 τοῖς
1029 913 1089 972 μη-

71 1007 143 1080 ροῖς
172 994 407 1084 ἐγκατῴκισται
435 996 455 1079 ἡ
484 997 620 1079 τοιαύτη
651 994 749 1061 ούσία
776 997 900 1072 παντὸς
928 996 1027 1080 ζύου,
1057 994 1089 1074 ἐξ

71 1096 112 1167 οὗ
136 1102 277 1186 συνέστη
300 1105 341 1168 τά
359 1104 476 1168 πάντα.
513 1101 744 1188 άρρενόθηλυς
768 1099 805 1167 δὲ
829 1102 956 1189 ἐρρηθη
976 1105 1032 1169 διά
1051 1104 1089 1168 τὸ

69 1209 128 1283 τάς
151 1208 391 1294 άρρενοθηλεις
419 1210 545 1294 σποράς
567 1213 724 1291 γίνεσθαι
748 1209 825 1292 δύο,
853 1209 1033 1294 ἀρσενικην
1055 1234 1090 1275 τε

70 1313 125 1379 καί
149 1317 305 1399 θηλυκην
328 1316 447 1399 φύσιν,
474 1313 530 1380 καὶ
554 1315 616 1380 οὐκ
639 1319 731 1381 ἔστιν
756 1314 871 1402 ἕτερον
893 1314 950 1401 ἀφ’
975 1315 1090 1404 ἑτέρου
1105 1343 1130 1382 ιο

69 1421 106 1484 τὸ
131 1422 322 1506 δυνάμενον
344 1432 513 1506 γεννῆσαι,
539 1423 568 1486 εί
591 1423 634 1505 μὴ
654 1421 739 1507 ὁμοῦ
763 1422 911 1487 ἔλθοιεν·
933 1421 988 1488 καί
1012 1427 1090 1502 ζωο-

69 1533 252 1612 γονησουσι
281 1530 320 1594 τά
348 1532 412 1608 ζῶα
436 1531 477 1594 τά
513 1528 578 1594 ὑπὸ
616 1529 738 1594 τούτου
771 1529 1089 1615 δεδημιουργημένα.

69 1634 281 1700 ἀναλύεσδαί
301 1659 336 1700 τε
357 1635 459 1701 αὐτὸν
477 1636 680 1719 ὑπειλήφασι
699 1632 755 1699 καὶ
773 1636 876 1701 πάλιν
894 1643 1090 1720 γεννᾶσθαι,

71 1739 141 1806 ἐπεὶ
164 1739 220 1807 καὶ
243 1743 284 1806 τά
312 1739 345 1819 ἐξ
374 1741 478 1806 αὐτοῦ
506 1743 698 1826 γεννώμενα
720 1741 843 1825 ὁμοίως
871 1742 1091 1820 ἀνεκλείπτως

70 1849 257 1914 δαπανᾶται
279 1846 335 1912 καὶ
357 1849 458 1914 πάλιν
481 1852 700 1931 ζωογονεῖται.
1104 1875 1130 1917 ιι

21 1961 139 2020 ΙωΗΙσο
165 1955 237 2019 161.
257 1953 328 2020 Ὅτι
357 1956 531 2039 σχημάτων
558 1955 576 2020 ὁ
605 1956 726 2032 κύκλος
753 1959 975 2023 τελειότατον·
1007 1959 1090 2026 ὅθεν
1104 1967 1130 2020 Y

71 2063 253 2145 Αἰγύπτιοι
290 2063 349 2126 τὸν
385 2063 511 2144 κόσμον
546 2062 734 2146 γράφοντες
770 2074 933 2151 περιφεργῖ
965 2065 1091 2131 κύκλον

72 2168 224 2254 ἀεροειδῆ
243 2167 298 2233 καί
317 2168 479 2253 πυρωπὸν
497 2168 697 2252 χαράττουσι
716 2167 771 2234 καὶ
790 2169 893 2254 με’σον
910 2170 1091 2257 τεταμένον

72 2277 154 2360 ὅφιν
170 2275 426 2360 λερακόμορφον,
445 2260 549 2339 οἱονεὶ
569 2277 765 2342 συνεκτικὸν
783 2275 916 2360 ἀγαθὸν
933 2279 1090 2362 δαίμονα

72 2385 131 2446 καί
150 2380 219 2446 ἐστι
242 2383 279 2446 τὸ
303 2391 371 2446 πᾶν
394 2389 501 2464 σχῆμα
525 2381 569 2458 ὡς
591 2383 629 2446 τὸ
652 2380 728 2467 παρ’
751 2382 832 2467 ἡμῖν
858 2387 894 2448 Θ.
1105 2413 1131 2452 ιο

26 2503 53 2551 51
143 2489 215 2552 162.
230 2486 301 2553 Ὅτι
324 2488 342 2554 ὁ
366 2497 424 2571 τῆς
447 2488 611 2571 ὀγδοάδος
634 2487 779 2575 ἀριθμὸς
796 2497 906 2573 θῆλυς
925 2489 979 2557 καλ
998 2494 1090 2558 ἀπει-

73 2619 132 2682 ρος
154 2592 208 2659 καί
236 2594 365 2678 ἀτελης·
393 2596 477 2660 ὅθεν
504 2594 558 2660 καὶ
586 2598 675 2681 καρὰ
702 2604 748 2683 τῷ
770 2599 952 2686 Νικομάχῳ
980 2598 1090 2682 η’λιτό-

72 2725 175 2786 μηνος
197 2707 357 2767 καλεῖται·
382 2702 399 2768 ὁ
423 2704 487 2788 γάρ
511 2702 695 2785 όκτάμηνος
717 2706 838 2789 χρόνος
861 2705 944 2790 πρὸς
967 2705 1090 2771 οὐδένα

72 2819 141 2873 τῶν
164 2807 354 2892 ἁρμονικῶν
377 2811 462 2893 ἔχων
485 2813 638 2892 φαίνεται
662 2811 771 2891 λόγον.
810 2809 893 2875 ὅθεν
916 2811 957 2875 οὐ
980 2817 1089 2877 τελεσ-

74 2925 225 3000 φορεῖται
239 2916 280 2979 τδι
294 2914 524 2998 ὀκταμηνιαῖα
541 2915 639 2999 μίσος
653 2917 716 3000 γάρ
732 2915 779 2980 ὢν
793 2927 860 2980 τῶν
878 2921 1090 3002 τελεσφόρων
1104 2948 1130 2987 τε

74 3022 229 3106 ἀριθμῶν
252 3021 352 3097 αὐτὸς
376 3020 492 3104 ἀτελὴς
517 3021 711 3107 εὑρίσκεται.
757 3023 864 3106 πάσης
887 3024 951 3109 γάρ
975 3023 1091 3108 ὑλικῆς

75 3129 246 3212 δυνάμεως
264 3127 410 3213 μετέχων
428 3129 486 3204 τάς
506 3126 583 3213 περὶ
602 3130 663 3212 την
685 3127 772 3212 ύλην
795 3133 904 3214 είληχε
922 3131 1090 3215 δυνάμεις.

146 3284 169 3321 v.
185 3272 219 3320 22
238 3266 283 3321 Ρε.
302 3266 491 3322 Nicomachus
511 3265 740 3336 Theologumena
757 3268 877 3324 An'thm.
892 3287 919 3339 p
931 3274 974 3337 55,
985 3275 1018 3323 25
1029 3270 1088 3324 Ast

146 3391 365 3516 μηχμοωιὶε.
377 3393 405 3445 Α
460 3390 720 3463 ὅτοῑςμήνιγξιΒ
775 3398 945 3462 §161,162:
964 3393 1091 3448 ordinem

76 3461 219 3530 utriusque
265 3462 391 3532 agmenti
409 3462 530 3516 mutavit
547 3463 577 3516 D
603 3477 615 3508 ι

131 3667 211 3710 Ianus
226 3667 261 3708 ed.
275 3669 426 3710 Wuensoh
896 3669 929 3717 12
