2524 3984
192 204 214 267 2
570 203 679 257 LIBER
696 203 833 259 PRIMUS

151 375 178 430 X
191 367 273 432 κατά
304 363 459 453 στέρησιν
488 372 612 432 λοῦκον
642 369 675 433 ολ
699 366 852 452 Ῥωμαῖοι
880 372 1021 434 καλοῦσι
1051 371 1138 456 παρὰ
1166 370 1200 434 τὸ

192 472 344 558 ἀφεγγός,
368 474 413 551 ὡς
436 472 560 552 άξυλον
583 473 649 557 τήν
663 473 760 606 όληυ.

259 580 288 645 8.
307 579 342 644 0
356 581 533 665 Εὔανδρος
545 579 680 666 πρῶτος
693 577 868 666 γράμματα
886 579 950 646 άπὸ
965 589 1023 664 τής
1037 579 1149 647 Ἑλλά-
1161 592 1239 658 er,9

192 689 265 772 δος,
292 689 333 752 τά
357 689 519 772 λεγόμενα
541 685 714 771 Κάδμου,
723 688 770 764 είς
793 687 855 771 τήν
872 684 1018 753 Ἰταλίαν
1045 687 1199 773 ἐκόμισεν,

164 795 233 860 εού
255 803 399 860 τοσαῦτα
422 790 493 877 με’ν,
517 791 578 858 ὅσα
601 801 666 858 νῦν
689 792 779 859 ἐστιν
803 832 845 839 -
870 791 950 859 οὐδὲ
971 795 1036 880 γάρ
1060 793 1198 876 οὕτωςή

190 903 371 984 παλαιότης
392 897 607 986 παραδέδωκε
626 938 669 947 -
692 902 779 985 μόνα
801 897 839 966 δὲ
862 899 895 979 ἓξ
918 902 1001 988 πρὸς
1024 911 1095 978 τοῖς
1117 899 1198 983 δίκα,

191 1017 251 1074 τοῦ
274 1007 291 1086 ξ
313 1005 369 1071 καλ
396 1015 457 1072 τοῦ
480 1010 497 1085 ζ
518 1004 573 1071 καλ
600 1016 662 1072 τοῦ
680 992 710 1085 {s
737 1004 812 1072 άντλ
840 1009 983 1091 διπλῶν,
1010 1016 1072 1074 τοῦ
1098 994 1126 1074 δ
1149 1004 1197 1072 καὶ

190 1125 252 1182 τοῦ
274 1119 302 1201 ᾧ
324 1113 458 1181 καὶτοῦ
481 1140 501 1200 χ
524 1112 599 1178 ἀντὶ
623 1112 767 1198 δασέαν,
792 1123 853 1179 τοῦ
875 1123 897 1197 η
919 1112 1058 1180 καὶτοῦ
1081 1117 1109 1181 ὦ
1131 1111 1196 1180 άντὶ

190 1233 326 1309 μακρῶν
352 1221 495 1309 ὕστερον
521 1219 845 1308 προσεξευρημένυν.
890 1219 988 1287 πέντε
1014 1225 1079 1309 μὰρ
1102 1218 1142 1306 ήν
1162 1223 1196 1286 τά

152 1349 177 1388 1⁰
191 1332 293 1395 πάλαι
317 1332 501 1414 φωνήεντα,
524 1337 585 1394 τοῦ
608 1323 671 1413 μὲν
688 1337 705 1392 ε
725 1330 891 1412 στοιχείου
909 1330 971 1412 τήν
990 1339 1051 1395 τοῦ
1069 1337 1091 1412 η
1107 1351 1196 1414 παρε-

190 1435 334 1522 χομένου
356 1440 481 1523 χρείαν,
504 1443 565 1500 τοῦ
585 1431 622 1500 δὲ
641 1442 661 1498 ὃ
681 1434 743 1518 τήν
760 1443 821 1499 τοῦ
841 1443 877 1518 03,
901 1434 982 1520 ὅπερ
1001 1437 1050 1501 ἔτι
1069 1433 1123 1501 καὶ
1140 1444 1195 1500 νῦν

189 1535 279 1630 παρὰ
297 1542 468 1628 Ῥωμαίοις
491 1540 560 1607 ἐστὶ
582 1539 638 1606 καλ
661 1543 753 1628 μόνῳ
776 1549 821 1629 τςῖ
845 1542 955 1630 χρόνῳ
978 1542 1040 1625 τήν
1060 1542 1194 1627 δύναμιν

189 1649 326 1735 ἀμείβει.
366 1648 509 1735 ὕστερον
536 1644 574 1713 δὲ
599 1648 740 1734 Μάρκος
768 1649 929 1732 Φλάβιος,
959 1648 1194 1735 γραμματιστής
1247 1731 1249 1738 y

185 1754 320 1839 Ἰταλός,
343 1766 413 1832 τοῖς
427 1753 587 1838 Ἕλλησιν
609 1754 852 1838 ἀκολουθήσας,
875 1756 916 1820 τδι
939 1756 1039 1821 λοιπὰ
1060 1764 1193 1840 στοιχεῖα

150 1881 176 1922 15
189 1872 260 1939 τοῖς
273 1861 443 1947 Ῥωμαίοις
467 1860 660 1948 ἐπέγραψεν.
698 1866 790 1946 φιλεῖ
812 1863 876 1948 γάρ
900 1861 919 1928 ὁ
937 1863 1058 1949 χρόνος
1078 1862 1193 1948 ἐναμεί-
1248 1845 1249 1860 ³

189 1973 263 2054 βειν
285 1970 326 2034 τά
348 1970 532 2056 πράγματα.

256 2077 285 2140 9.
321 2080 476 2152 Φοίνικες
505 2086 632 2159 πρῶτοι
663 2076 867 2159 τοκογλύφοι
896 2074 954 2141 καλ
987 2077 1192 2162 ὀβολοστάται
1200 2067 1248 2135 1ο

188 2182 423 2267 τυγχάνοντες,
455 2182 630 2267 γράμματα
657 2179 713 2246 καὶ
744 2183 915 2267 σταθμοὺς
943 2181 999 2248 καλ
1028 2183 1138 2261 ἁπλῶς
1162 2183 1191 2247 τὸ

187 2291 377 2375 κερδαίνειν
405 2287 602 2371 ἐπενόησαν,
633 2288 717 2354 ὅθεν
744 2287 799 2354 καὶ
826 2292 994 2373 καπήλους
1021 2291 1142 2368 αὐτοὺς
1165 2288 1191 2353 οἱ
1246 2303 1247 2395 χ

149 2413 175 2453 το
188 2393 322 2478 ποιηταὶ
349 2399 518 2461 καλοῦσιν.
568 2393 640 2460 ἀλλ’
664 2394 851 2480 ἐπανίωμεν
879 2397 962 2462 ὅθεν
988 2396 1191 2483 ἐξεκλίνυμεν.

81 2508 106 2562 X
122 2507 235 2566 Cedren.
262 2501 312 2565 10.
331 2502 546 2588 Τρισόιματον
559 2503 619 2567 τὸυ
630 2499 807 2588 Γηρυόνην
821 2506 935 2587 φασίν,
950 2503 1012 2588 οὐχ
1022 2504 1073 2570 ὅτι
1087 2502 1191 2570 τοσοά-
1199 2512 1221 2561 11
1245 2499 1246 2508 ’

187 2630 258 2684 τοις
288 2606 447 2694 ἐχρήσατο
477 2609 640 2693 σώμασιν,
673 2607 744 2674 ἀλλ’
773 2609 824 2674 ότι
851 2619 939 2695 τρεῖς
966 2619 1064 2694 νήσοι
1092 2610 1128 2676 ἐν
1152 2614 1190 2694 τῷ

188 2713 322 2802 ὠκεανῷ
345 2718 492 2798 κείμεναι
516 2716 726 2800 συνεμάχουν
749 2714 847 2802 αὐτῷ,
1244 2709 1245 2716 ¹

146 2843 173 2896 Υ
256 2822 306 2885 11.
328 2818 399 2885 Ὅτι
416 2819 565 2908 Ἕρυλον
591 2822 651 2886 τὸν
677 2818 754 2908 περὶ
777 2818 935 2906 Ἰταλίαν,
964 2820 1005 2887 δν
1030 2821 1220 2906 κατασχὼν8

147 2961 172 3002 25
186 2927 373 3013 Εὔανδρος,
396 2927 414 2993 ὁ
438 2936 496 3012 τῆς
517 2936 676 3012 μαντικῆς
698 2926 896 3013 Καρμέντης
923 2930 1006 3012 υἱός,
1036 2932 1110 3014 ἔσχε
1136 2927 1187 3009 τήν
1243 2935 1244 3023 ή

186 3035 308 3121 χώραν,
335 3039 499 3121 τρίήυχου
525 3033 685 3117 γενέσθαι
712 3034 731 3100 ὁ
759 3041 870 3120 μῦθος
897 3037 1077 3101 αἰνίττεται
1104 3039 1186 3120 φιλο·
1242 3111 1243 3114 ¹

256 3227 281 3264 v.
302 3215 317 3262 2
336 3208 407 3265 Π.’Λ
427 3214 478 3263 155
497 3209 528 3264 ἐν
546 3209 637 3282 άξάλφ
656 3206 758 3282 ἐμπέσῃ
777 3207 838 3281 ὕλη.

256 3385 280 3422 v.
295 3375 313 3422 4
335 3368 387 3439 τὴν
409 3368 487 3424 omis.
508 3370 536 3423 B
616 3376 631 3424 5
656 3371 689 3424 οδ
707 3378 829 3424 τοσαῦτα
811 3368 955 3423 αΗεείοε
975 3365 1056 3433 οὗτος
1074 3363 1187 3426 affl

186 3445 202 3492 6
224 3456 302 3507 παρα
284 3437 420 3527 αδέδωκε]
445 3442 548 3508 παρεδ
554 3441 583 3494 Β
673 3448 688 3495 7
713 3462 749 3496 κα
730 3443 761 3495 αλ
785 3448 835 3495 τοῦ
862 3443 896 3512 φ]
922 3442 970 3496 καὶ
996 3450 1046 3497 του
1074 3439 1145 3496 omis.
1162 3435 1185 3488 B

187 3515 220 3563 15
246 3509 371 3581 ἀμείβειν
394 3513 422 3566 Β
526 3516 559 3565 18
587 3531 620 3566 τυ
621 3512 755 3583 χάνοντες
781 3513 809 3566 A
912 3519 947 3566 20
975 3505 1184 3581 ἐξεκλίναμετά

186 3585 254 3647 §10
273 3579 372 3652 (πλεους.
392 3583 506 3638 Oedren.
525 3582 591 3638 hist.
611 3601 699 3654 comp.
718 3602 745 3654 p.
765 3588 853 3653 298‚24
872 3583 959 3639 Bonn
1109 3657 1112 3662 Ι

1232 3869 1239 3954 λ
