2530 3988
545 127 561 166 0

186 211 249 274 146
468 209 577 262 LIBER
595 207 774 274 QUARTUS.
799 209 918 263 IULIUS

145 385 171 438 X
186 373 332 460 τοσούτω
350 371 453 438 πλέον
471 370 559 438 ἕλκει
576 373 660 458 πρὸς
679 369 800 456 ἐαυτην
818 372 880 455 την
898 373 1026 454 νοτίδα,
1049 372 1196 455 καθάπερ

185 481 223 545 τὸ
246 482 361 545 ἐλαιον
383 477 437 544 ἐπὶ
457 489 525 544 τῶν
544 479 677 562 λύχνων
696 477 799 544 ἐκεῖσε
816 477 920 543 πλέον
938 476 1035 564 ὁρμᾷ,
1059 477 1123 561 ὅπη
1145 475 1196 542 καὶ

186 588 371 652 δαπανᾶται
393 586 460 651 ὑπὸ
483 594 543 650 τοῦ
566 588 680 671 πυρός.
718 585 736 651 ὁ
758 581 795 650 δέ
809 583 991 671 Ἡρόδοτος
1013 585 1104 670 παρδι
1120 585 1196 649 πάν-

185 716 253 758 των
275 704 343 758 τῶν
360 703 518 776 ποταμῶν
536 690 646 756 ἕλκειν
666 692 726 757 τὸν
744 691 841 774 η’λιον
859 692 896 756 τὸ
914 691 1023 776 ὑγρόν
1041 707 1124 775 φησι
1140 691 1196 773 τὴν

159 801 367 885 ιπρύσμειον
389 801 490 864 νότου
509 799 616 881 ζώνην
635 797 861 884 διατρέχοντα,
883 798 968 883 πρὸς
986 793 1025 862 δὲ
1042 805 1089 885 τῷ
1107 795 1194 881 θίρει

184 906 268 992 πρὸς
290 908 418 991 βορρᾶν
441 904 633 971 ἐκκλίνοντα
658 904 870 970 ἐκκαλεῖσθαι
894 905 954 969 τὸν
976 907 1119 987 Νεῖλον,
1144 899 1193 967 καί

186 1013 242 1078 διδ
264 1013 389 1097 ταύτην
411 1012 474 1095 τὴν
496 1014 607 1077 αἰτίαν
630 1011 733 1076 αὑτὸν
759 1010 957 1095 άναχεῖσθαι
978 1012 1061 1075 κατδι
1084 1011 1121 1076 τὸ
1142 1007 1192 1074 θέ-

186 1142 252 1204 ρος.
298 1120 331 1184 οἰ
358 1113 396 1184 δὲ
423 1119 606 1202 Αἰγύπτιοί
630 1135 727 1202 φασι,
754 1121 833 1194 τοὺς
856 1116 1008 1201 ἐτησίους
1034 1117 1139 1192 πάσας
1163 1113 1191 1192 ἐξ

185 1223 369 1311 ὑπερτέρου
400 1226 458 1302 τάς
490 1223 631 1309 νεφέλας
664 1221 717 1290 ἐπὶ
750 1225 810 1289 τὸν
841 1225 942 1289 νότον
974 1221 1113 1301 ἐξωθεῖν
1142 1219 1190 1286 καὶ

144 1359 171 1399 10
186 1330 315 1398 ἐκεῖθεν
338 1334 473 1418 βαρείας
494 1328 762 1416 καταφερομένης
784 1333 907 1416 βροχης
926 1329 1123 1414 άναβλύζειν
1139 1330 1190 1393 τὸν

185 1443 320 1504 Νεῖλον.
356 1436 503 1524 Ἔφορός
526 1460 564 1519 με
586 1437 653 1521 μὴν
676 1436 695 1502 ὑ
713 1440 865 1521 Κυμαῖος
888 1435 925 1501 ἐν
943 1445 982 1522 τῇ
1001 1437 1115 1522 πρώτη
1132 1445 1190 1499 τῶν

187 1546 343 1631 ἱστοριῶν
370 1560 488 1628 φησιν,
517 1542 639 1629 άραιδιν
667 1538 753 1608 εἶναι
780 1544 862 1608 κατδι
886 1543 991 1626 φύσιν
1013 1544 1076 1626 τὴν
1095 1547 1189 1624 Λίγυ-

184 1673 279 1736 πτον,
302 1648 357 1716 καί
380 1647 448 1716 κατ’
471 1652 543 1727 ἔτος
563 1648 768 1734 ἐπαμομένης
792 1649 884 1726 ἰλύος
906 1649 972 1714 ὑπὸ
985 1659 1057 1714 ’τοῦ
1075 1652 1190 1714 Νείλου

186 1763 445 1841 στεφανοῦσθαι,
477 1757 537 1822 τὸν
569 1753 606 1821 δὲ
637 1757 787 1840 ποταμὸν
820 1757 918 1839 δίκην
950 1756 1090 1841 ἱδρῶτος
1119 1753 1190 1819 κατὰ

144 1891 171 1932 15
185 1867 245 1930 τὸν
267 1865 385 1950 καιρὸν
408 1872 468 1929 τοῦ
491 1863 656 1947 καύματος
677 1861 731 1928 ἐπὶ
750 1864 790 1928 τά
808 1864 997 1948 κουφότερα
1015 1859 1071 1926 καὶ
1089 1861 1190 1947 ἀραιό-

184 1994 264 2057 τερα
285 1981 470 2055 καταρρεῖν.
516 1969 600 2034 άλλδι
622 1967 678 2033 καὶ
699 1969 916 2054 Θρασυάλκης
938 1967 957 2033 ὑ
979 1969 1102 2044 Θάσιος
1123 1967 1189 2040 τοὺς

185 2075 337 2159 ἐτησίους
364 2073 468 2160 φησὶν
491 2073 630 2153 ἐξωθεῖν
657 2076 717 2140 τὸν
739 2079 880 2140 Νεῖλον·
907 2083 965 2157 τῆς
992 2076 1057 2160 γάρ
1082 2075 1189 2140 Αἰθιο-

184 2186 263 2260 πίας
289 2183 432 2266 ὑψηλοῖς
458 2183 547 2268 παρδι
575 2183 616 2246 τά
643 2179 718 2246 καθ’
742 2182 828 2266 ἡμᾶς
855 2183 946 2268 ὄρεσι
974 2179 1189 2266 διεζωσμένης,

185 2288 431 2374 ὑποδεχομένης
453 2312 488 2354 τε
511 2289 569 2364 τὰς
588 2286 729 2372 νεφέλας
746 2289 829 2374 πρὸς
847 2299 915 2354 τῶν
933 2287 1075 2371 ἐτησίων
1093 2288 1189 2353 ὠθου-

145 2394 285 2480 νομένας
314 2394 483 2460 ἐκδιδόναι
511 2395 572 2460 τὸν
599 2398 739 2460 Νεῖλον·
770 2394 814 2470 ῶς
843 2392 898 2459 καί
920 2390 1188 2477 Καλλισθένηςὸ

186 2503 450 2588 Περιπατητικὸς
474 2499 511 2565 ἐν
533 2509 579 2588 τῷ
602 2500 746 2587 τετάρτῳ
769 2502 889 2587 βιβλίῳ
912 2510 980 2564 τῶν
998 2499 1189 2584 Ἑλληνικῶν

186 2627 299 2694 φησιν,
323 2605 441 2673 ἑαυτὸν
464 2607 775 2692 συστρατεύσασθαι
793 2604 998 2694 Ἀλεξάνδρῳ
1022 2615 1069 2694 τῷ
1091 2611 1189 2672 Μακε-

186 2718 276 2798 δόνι,
308 2712 363 2779 καὶ
395 2715 578 2798 γενόμενον
609 2711 663 2778 ἐπὶ
695 2721 753 2796 της
783 2714 967 2789 Αἰθιοπίας
999 2713 1112 2799 εὑρεῖν
1141 2713 1189 2777 τὸν

184 2827 313 2888 Νεῖλον
345 2819 378 2899 ἐξ
411 2820 558 2906 ἀπείρων
590 2821 726 2906 ὄμβρων
754 2817 823 2885 κατ’
853 2819 984 2904 ἐκείνην
1013 2818 1189 2905 γενομένων

257 3052 281 3087 v.
297 3037 313 3085 3
331 3031 434 3086 Herod.
453 3030 487 3100 H,
507 3036 542 3085 24
614 3035 647 3084 11
667 3029 796 3100 Ephorus
814 3030 867 3100 frg.
887 3036 947 3099 108,
970 3030 1054 3084 ΓΗΘ
1071 3033 1085 3085 Ι
1106 3050 1132 3100 p.
1146 3035 1188 3084 263

186 3111 221 3159 20
241 3103 427 3159 Callisthenes
445 3101 497 3172 frg.
514 3108 539 3171 6,
559 3101 658 3172 Script.
677 3118 730 3156 rer.
749 3101 827 3154 Alex.
846 3119 873 3170 p.
890 3106 922 3153 12

257 3317 281 3354 v.
297 3305 313 3352 2
331 3298 381 3354 τὸν
399 3297 500 3368 λύχνον
521 3297 564 3369 Tl
581 3296 667 3366 δρμαῖ
686 3299 711 3351 Τ
776 3301 794 3350 4
813 3294 893 3351 ἕλκον
913 3296 939 3349 T
1005 3302 1021 3350 5
1039 3293 1188 3368 προσχεινίι

187 3389 252 3425 στου
270 3370 298 3424 Α
323 3372 327 3439 Ι
351 3377 401 3424 τοῦ
423 3367 554 3424 νότονΤ
629 3365 854 3422 6ἐκλίνοντοιΤ
924 3365 1009 3430 suls
1028 3367 1067 3435 X,
1084 3369 1146 3431 τοὺς
1161 3365 1188 3420 ci.

186 3442 298 3497 Bekker
399 3446 523 3497 9νῶτον
543 3439 569 3492 Τ
671 3445 703 3493 11
723 3439 816 3508 πράττη
841 3439 884 3507 Χ,
910 3436 1045 3511 ἑνδεκάτη
1070 3440 1104 3494 ci.
1121 3439 1189 3492 Marx

188 3519 221 3567 18
238 3514 348 3582 ὑψηλῆς
363 3512 389 3565 Τ
451 3516 483 3564 19
502 3507 710 3635 άποδεχομένης
726 3511 751 3564 Τ
808 3516 842 3564 22
862 3511 948 3579 φησὶν
965 3512 1031 3579 post
1049 3527 1188 3579 περικατη-

187 3584 263 3646 τικὸς
281 3581 376 3653 ροειιίῖ
392 3582 418 3635 Τ
488 3587 521 3635 23
541 3600 588 3652 χεν
606 3600 688 3650 μενος
705 3583 766 3636 ΒΤ
