2556 3996
158 185 202 250 ὅθ
522 183 632 240 LIBER
650 185 805 240 TERTIUS

122 359 141 414 S
156 351 253 433 μείου
268 347 321 414 ἐπὶ
335 349 373 413 τὸ
388 348 468 414 αὐτὸ
484 360 622 433 σημείου
636 352 793 432 γίνεσθαι
807 351 889 415 κατά
904 358 1007 435 μήκος
1026 347 1079 414 καὶ
1092 349 1186 414 πλά-

159 479 216 531 τος
233 453 288 520 καὶ
312 457 429 539 βάθος,
452 456 514 539 τήν
537 451 574 521 δὲ
598 459 728 522 τελείαν
751 458 912 542 περίοδον
937 455 973 521 έκ
995 465 1053 539 τής
1076 473 1185 520 συνα-

159 571 269 644 γωγῆς
287 571 355 626 τῶν
377 561 482 648 ὁρίων
505 561 754 628 ἀποτελεῖσθαι·
777 573 866 648 τρεῖς
885 564 948 649 γάρ
968 557 1186 648 εἶναίφασιν

161 669 194 733 οἱ
217 667 349 755 ἀρχαῖοι
372 668 551 753 περιόδους
574 669 710 734 πάντων
728 680 795 734 τῶν
813 671 1001 753 πλανήτων,
1024 674 1186 755 μεγίστας

131 775 331 860 σέλαχίστας
360 774 475 859 μέσας,
507 773 562 839 καί
592 776 653 859 τήν
680 772 742 860 μὲν
768 786 829 842 τοῦ
855 780 993 863 Κρόνου
1021 780 1186 860 μεγίστην

160 880 241 948 ἑπτά
272 880 328 948 καὶ
359 883 564 965 πεντήκοντα
596 881 694 966 ἐτῶν,
726 884 787 967 τήν
817 880 855 948 δὲ
883 885 968 960 Διὸς
998 882 1093 948 ἐννέα
1120 880 1185 947 καὶ

161 986 533 1074 ἕβδομήκοντα,”Αρεός
550 1013 588 1072 γε
610 990 676 1074 μὴν
699 989 732 1068 ἐξ
754 991 840 1076 πρὸς
861 1001 932 1067 τοῖς
953 988 1109 1073 ἑξήκοντα
1133 1027 1182 1035 -

161 1096 244 1161 ὅθεν
266 1096 429 1172 τοσαύτας
450 1097 602 1188 χιλιάδας
624 1095 759 1182 ἀνδρῶν
782 1097 920 1181 ἐπήγετο
941 1097 959 1163 δ
979 1101 1109 1183 Καῖσαρ
1132 1098 1183 1173 ὡς

160 1201 224 1268 κάν
246 1203 353 1290 τούτῳ
376 1211 422 1290 τῷ
445 1200 537 1289 μέρει
567 1202 800 1290 ἐμπειρότατος
827 1207 865 1270 ἐν
892 1228 927 1270 τε
953 1212 1001 1292 τῷ
1029 1203 1182 1292 ἐμφυλίῳ

120 1307 216 1374 1οκαέ
240 1307 370 1386 ἐντοῖς
397 1311 511 1387 ἀλλοις
538 1309 710 1395 πολέμοις,
737 1309 793 1376 καὶ
821 1313 955 1388 εἰκότως
982 1310 1178 1397 ἐκράτει-

156 1415 276 1483 Ἡλίου
299 1413 337 1481 δὲ
360 1423 464 1482 είκοσι
486 1415 542 1482 καὶ
566 1415 683 1483 έκατόν
701 1413 800 1482 -οὗ
824 1418 865 1501 δὴ
889 1419 988 1504 χάριν
1010 1417 1183 1484 ἀδύνατον

161 1524 346 1609 ἄνθρωπον
360 1522 510 1589 ἐπέκεινα
523 1534 591 1590 τῶν
604 1525 775 1590 τοσούτων
790 1525 940 1608 διαζῆσαι
955 1525 1118 1591 ἐνιαυτῶν
1136 1563 1182 1571 -

161 1641 219 1716 τής
247 1627 285 1696 δέ
306 1629 507 1718 Ἀφροδίτης
539 1633 601 1697 δύο
633 1628 689 1696 καί
717 1631 923 1716 ὀγδοήκοντα
949 1630 1005 1696 καὶ
1028 1635 1184 1716 Σελήνης
1271 1679 1272 1692 ,

162 1738 247 1804 ὀκτὼ
270 1736 326 1803 καλ
350 1736 474 1804 ἑκατόν.
511 1739 573 1822 τήν
596 1735 633 1803 δέ
657 1738 833 1823 ἐλαχίστην
850 1742 988 1824 Κρόνου
1007 1740 1183 1825 <τριάκον-

122 1864 148 1904 15
162 1845 240 1929 τα>,
276 1845 361 1922 Διὸς
392 1846 606 1928 δυοκαίδεκα,
633 1843 751 1931 ’Ἁρεος
782 1847 1031 1930 πεντεκαίδεκα,
1064 1844 1107 1910 δι’
1141 1845 1185 1910 ὃν

162 1950 218 2017 καὶ
237 1953 297 2018 τὸν
319 1951 445 2017 κύκλον
466 1961 524 2035 τής
543 1951 723 2037 λεγομένης
742 1951 961 2038 ἐπινεμήσεως
981 1955 1013 2018 οἱ
1028 1952 1183 2038 Ῥωμαῖοι

163 2059 211 2134 είς
228 2067 327 2124 τοῦτο
347 2061 466 2124 ἔθεντο
484 2058 644 2145 ἀριθμοῦ,
663 2058 783 2124 Ἡλίου
802 2058 1045 2143 ἐννεακαίδεκα,
1059 2057 1184 2145 Ἀφρο-

163 2167 257 2248 δίτης
287 2165 387 2248 όκτάι,
413 2163 537 2251 Ἑρμοῦ
568 2171 674 2231 εἴκοσι
703 2163 758 2230 καὶ
788 2169 941 2251 Σελήνης
969 2165 1068 2231 πέντε
1096 2167 1184 2252 πρὸς

163 2284 233 2350 τοῖς
266 2279 379 2338 είκοσι.
431 2272 493 2355 τήν
525 2269 562 2337 δὲ
593 2270 698 2357 μέσην
729 2275 867 2360 Κρόνου
898 2269 960 2358 μὲν
991 2285 1095 2359 τριῶν
1126 2271 1184 2338 καὶ

124 2400 150 2440 ιο
164 2380 409 2465 τεσσαράκοντα
438 2379 521 2464 πρὸς
548 2386 594 2466 τῷ
616 2377 741 2463 ἡμίσει,
771 2381 856 2457 Διὸς
878 2379 998 2462 <πέντε
1025 2379 1080 2446 καὶ
1109 2397 1184 2446 τεσ-

165 2488 352 2573 σαράκοντα
372 2486 456 2571 πρὸς
480 2492 527 2572 τῷ
548 2484 693 2570 ἡμίσει>,
705 2485 824 2571 ’Ἀρεος
842 2488 1087 2572 τεσσαράκοντα
1099 2489 1185 2573 πρὸς

164 2602 211 2682 τῷ
234 2593 354 2678 ἡμίσει,
373 2590 493 2657 Ἡλίου
514 2591 610 2658 ἐννέα
632 2591 688 2657 καὶ
712 2591 869 2677 ἐξήκοντα
890 2594 974 2679 πρὸς
996 2601 1042 2680 τῷ
1061 2593 1184 2678 ἡμίσει,

160 2700 360 2786 Ἀφροδίτης
381 2696 479 2763 πέντε
501 2699 585 2784 πρὸς
606 2709 676 2777 τοῖς
698 2700 952 2785 τεσσαράκοντα,
974 2702 1126 2784 Σελήνης
1149 2699 1184 2779 ἐξ

165 2804 221 2872 καὶ
244 2803 401 2888 ἐξήκοντα
423 2804 507 2889 πρὸς
528 2811 574 2890 τῷ
596 2803 715 2888 ἡμίσει.
751 2802 807 2869 καὶ
825 2806 860 2870 αἱ
878 2801 940 2889 μὲν
957 2805 1110 2891 μέγισται
1127 2806 1184 2872 καὶ

125 2933 151 2974 ιε
166 2913 334 2998 ἐλάχισται
360 2909 416 2977 καὶ
438 2909 535 2995 μέσαι
562 2912 714 2996 περίοδοι
740 2920 906 2995 τοιαῦται,
934 2914 969 2977 αἱ
997 2909 1034 2978 δὲ
1061 2913 1183 2980 τέλειαι

166 3019 445 3094 ἀποκαταστάσεις
467 3029 535 3082 τῶν
557 3019 735 3100 πλανήτων
758 3018 857 3084 οὕτω·
885 3021 1018 3104 Κρόνος
1040 3032 1182 3087 ποιεῖται

165 3129 227 3212 τήν
250 3126 517 3192 ἀποκατάστασιν
541 3126 627 3190 ἐτεσι
654 3123 753 3190 πέντε
774 3123 830 3190 καὶ
854 3123 1010 3210 ἑξήκοντα
1032 3123 1089 3190 καί
1114 3128 1182 3191 δια-

237 3375 262 3411 v.
284 3362 317 3410 14
335 3356 438 3409 lacuna
456 3352 618 3423 quindecim
635 3352 795 3408 litterarum
813 3345 846 3422 ἐς
869 3370 1047 3408 numerorum
1071 3370 1182 3424 eompu-

166 3432 213 3483 tus
231 3426 383 3497 τριάκοντα
402 3425 589 3497 supplendum
605 3442 666 3481 esse
680 3425 792 3494 evincit,
810 3424 935 3494 itemque
948 3425 979 3479 in
993 3425 1097 3479 lacuna
1116 3425 1183 3479 duo-

167 3499 260 3554 decim
278 3500 336 3553 fere
350 3498 510 3552 litterarum
527 3516 552 3553 v.
567 3503 602 3552 20
620 3503 656 3566 με
673 3497 745 3566 πρὸς
760 3503 798 3572 τῷ
812 3495 912 3568 ἡμίσει.
949 3496 1082 3552 Mercurii
1096 3496 1183 3551 maxi-

166 3587 244 3626 mam
262 3573 292 3625 et
308 3570 433 3624 mediam
450 3566 585 3638 περίοδον
603 3569 706 3624 omisit.
