2556 3996
174 173 217 236 90
399 173 506 226 LIBER
526 171 702 238 QUARTUS.
728 173 958 228 FEBRUARIUS

133 337 230 401 Υδιδ
252 337 290 402 τὸ
313 349 441 422 χρῶμα,
469 335 592 421 ὁμοίως
612 337 769 423 πράσινον
792 347 834 423 γῇ
857 339 914 402 διά
937 337 977 401 τὰ
1000 338 1104 420 άνθη,
1129 335 1187 420 βέ-

171 466 261 508 νετοι
281 441 385 528 Ἣρφ,
420 441 532 508 λευκοί
561 440 598 508 δὲ
630 442 736 509 ὕδατι.
782 445 815 508 οἰ
842 442 882 510 δέ
907 459 990 528 φασι
1021 445 1188 529 πράσινον

171 546 233 635 μὲν
255 551 292 614 τὸ
316 552 386 635 ἔαρ,
410 550 548 635 ρούσιον
571 545 608 614 δὲ
631 542 668 615 τὸ
691 549 803 634 θέρος,
826 548 963 633 βένετον
986 546 1024 615 δὲ
1046 551 1084 615 τὸ
1105 557 1188 634 φθι-

171 659 338 742 νόπωρον,
361 657 481 721 λευκὸν
504 652 541 720 δὲ
564 656 624 721 τὸν
648 667 800 741 χειμῶνα.
845 658 1107 740 κακοδαιμονίαν
1124 651 1188 721 οὖν

134 786 158 827 ιε
172 765 363 842 οἰωνίζοντο
382 764 443 846 τὴν
465 766 600 848 χείρονα
622 772 738 848 ψῆφον
759 764 819 828 τὸν
838 762 991 849 ἀνθηρὸν
1009 762 1188 846 ἀπενέγκα-

172 876 264 953 σθαι,
292 871 337 946 ὡς
359 869 461 953 αὐτῆς
479 869 602 954 Ῥώμης
628 870 833 953 ἡττηθείσης.
879 878 939 934 τοῦ
961 871 1026 955 γάρ
1050 871 1188 935 δυτικοῦ

171 974 312 1062 κέντρου
335 978 383 1052 εἰς
405 976 442 1041 τὸ
470 985 528 1059 τῆς
551 984 611 1059 γῆς
632 987 797 1060 στοιχεῖον
825 974 1079 1061 ἀναφερομένου
1103 977 1189 1052 εἰκὸς

171 1077 214 1165 ἣν
237 1083 350 1158 αὐτοῖς
372 1080 485 1165 μέλειν
511 1081 621 1165 αὐτῆς.
669 1082 752 1147 ὅθεν
778 1079 834 1146 καί
853 1080 986 1146 Ἑστίαν
1012 1083 1078 1166 πρὸ
1106 1083 1187 1147 πάν-

171 1211 239 1254 των
261 1192 440 1273 φαίνονται
462 1191 657 1272 τιμήσαντες
671 1187 833 1272 Ῥωμαῖοι,
856 1189 966 1274 ὥσπερ
989 1189 1050 1253 τὸν
1072 1210 1187 1274 πετρο-

133 1304 251 1378 ιογενῆ
280 1298 424 1381 Μίθραν
451 1297 484 1360 οἰ
512 1293 640 1380 Πέρσαι
669 1296 725 1360 διά
752 1296 789 1360 τὸ
817 1304 878 1360 τοῦ
904 1296 1011 1381 πυρὸς
1038 1294 1187 1381 κέντρον,

171 1399 226 1466 καί
249 1401 310 1486 τὴν
332 1402 441 1488 ὑγράν
465 1401 584 1466 οὐσίαν
607 1403 646 1466 οἰ
662 1401 726 1466 ὑπὸ
750 1402 811 1484 τὴν
825 1401 968 1487 ’Ἀρκτον
986 1403 1045 1466 διά
1063 1403 1101 1467 τὸ
1120 1401 1156 1467 κέ
1175 1439 1187 1450 -

171 1532 252 1593 τρον
280 1517 341 1573 τοῦ
368 1508 504 1590 ὕδατος,
531 1505 587 1572 καί
609 1499 692 1572 Ἶσιν
716 1508 907 1591 Αἰγύπτιοι,
935 1506 1009 1573 άντί
1038 1517 1100 1574 τοῦ
1127 1509 1188 1592 τὴν

171 1617 337 1699 Σελήνην,
360 1616 421 1698 τὴν
444 1623 504 1679 τοῦ
527 1614 650 1690 παντὸς
673 1613 771 1700 ἀέρος
792 1617 928 1699 ἔφορον.

131 1730 156 1783 X
238 1722 289 1785 31.
308 1722 471 1806 Καθάπερ
488 1719 572 1806 έντῇ
587 1705 694 1807 μήτρᾳ
707 1722 873 1805 τυγχάνον
887 1722 924 1787 τὸ
934 1720 1059 1807 βρέφος
1069 1721 1236 1786 οὐΙιεΝιο

131 1852 159 1893 ιε
173 1829 278 1893 δεῖται
302 1826 414 1912 ἑτέρας
434 1835 572 1913 τροφῆς,
595 1825 666 1892 ἀλλ’
690 1826 722 1905 ἐξ
742 1828 878 1912 αἵματος
896 1829 1099 1913 εἰλικρινοῦς
1116 1826 1188 1912 τρέ-

173 1957 281 2018 φεται,
299 1931 405 2009 οὕτως
424 1930 504 1999 οὐδὲ
521 1944 592 2010 τοῖς
610 1936 821 2018 τελευτήσασι
840 1934 922 1999 κατά
940 1935 1001 1998 τὸν
1013 1936 1187 2020 πρότερον,

172 2042 217 2117 ὡς
249 2038 418 2124 ἐλέγομεν,
456 2039 611 2106 ἐνιαυτὸν
643 2038 832 2124 ε’πεχόαζον,
870 2042 979 2126 ὥσπερ
1013 2039 1051 2105 έν
1082 2044 1189 2126 μητρφ
1270 2119 1271 2122 ¹

171 2149 261 2234 παρά
283 2156 322 2233 τῇ
347 2146 447 2231 φύσει
475 2148 714 2213 λανθάνουσιν.
759 2148 794 2211 αἰ
821 2148 884 2232 γάρ
908 2145 982 2231 χοαὶ
1009 2150 1189 2233 παραφυχη

173 2279 223 2331 τις
238 2252 425 2339 εἰσεφέρετο
443 2263 514 2329 τοῖς
532 2254 684 2329 εἰδώλοις
702 2263 769 2317 τῶν
782 2255 1070 2337 τετελευτηκότων,
1093 2255 1189 2337 μάλα,

129 2387 160 2426 eo
173 2352 252 2444 αἷμα
274 2358 329 2425 καί
353 2355 456 2442 οἰνος,
483 2358 539 2424 καί
567 2361 748 2444 σεμίδαλις,
775 2356 830 2424 καί
857 2362 987 2444 κᾴχχος,
1015 2359 1071 2424 καί
1094 2359 1190 2446 ἕτερά

173 2490 255 2531 τινα.
301 2467 380 2550 χοάς
412 2461 450 2530 δὲ
482 2465 583 2542 αὐτάς
616 2465 786 2550 ὠνόμαζον
818 2464 853 2530 ἐκ
885 2475 945 2531 τοῦ
978 2464 1190 2551 ἐπεκχεῑσθαι

173 2583 243 2649 τοῖς
265 2574 392 2657 τάφοις.
438 2574 573 2652 σώζεται
596 2569 633 2637 δὲ
660 2570 716 2637 καί
743 2581 808 2637 νῦν
833 2579 938 2656 ἰχνος·
967 2572 1004 2638 έν
1031 2574 1095 2658 γὰρ
1118 2584 1190 2649 τοῖς

174 2679 276 2764 ἰεροῖς
298 2680 401 2764 άρτον
424 2678 479 2744 καί
503 2675 598 2745 οἶνον
619 2677 862 2765 προσφέρομεν.
984 2703 994 2728 0
1267 2699 1268 2731 ι

139 2796 157 2850 S
240 2784 292 2850 32.
307 2783 378 2850 Ὅτι
397 2786 415 2850 ὁ
436 2786 621 2868 Αἰγύπτιος
635 2784 756 2871 Ἑρμῆς
774 2785 811 2849 έν
829 2793 875 2874 τῷ
893 2789 981 2874 λόγφ
1001 2786 1107 2853 αὐτοῦ
1121 2797 1232 2853 deesfflr

243 3050 267 3086 v.
284 3037 318 3085 24
336 3031 466 3086 Hermes:
485 3032 529 3084 Pe.
548 3029 650 3100 Apulei
668 3029 806 3102 Dialogus
825 3049 848 3085 ο.
867 3031 984 3086 XXVIII

243 3270 302 3318 τι
328 3261 482 3318 salmam
510 3260 541 3314 in
568 3260 707 3316 pensam
735 3260 983 3316 exercitaeonibus
1011 3261 1042 3316 in
1071 3262 1100 3318 e.
1125 3263 1191 3318 Iulii
1264 3243 1265 3295 I

173 3334 263 3388 Solini
289 3332 470 3403 Polyhistore
497 3331 631 3402 (Traiecti
664 3333 700 3386 ad
728 3332 858 3386 Rhenum
885 3336 967 3404 1689)
997 3332 1082 3388 huius
1109 3352 1192 3404 pare-

173 3404 275 3474 graphi
293 3404 416 3459 frustula
433 3403 541 3474 profert
562 3403 681 3473 passim,
706 3420 762 3471 qua
786 3403 821 3457 de
843 3420 874 3457 re
898 3404 944 3475 egi
966 3404 997 3458 in
1014 3405 1192 3474 praefatione
1263 3413 1264 3483 χ

174 3482 189 3528 2
208 3475 236 3529 οἱ
255 3473 286 3528 δὲ
301 3508 335 3515 -
351 3482 368 3529 4
387 3484 507 3545 χειμῶνα
526 3474 557 3527 in
574 3491 663 3544 marg.
684 3475 712 3527 Y
788 3479 804 3528 8
823 3471 930 3543 μέλλειν
949 3476 978 3529 D
1057 3482 1073 3530 9
1092 3477 1121 3531 οἱ
1139 3474 1192 3548 ρω-

174 3555 251 3614 μαῑοι
271 3547 300 3600 D
373 3552 405 3599 21
426 3545 528 3608 αὐτούς
546 3546 575 3599 Β
1262 3553 1263 3562 ’
