2530 3988
365 211 473 265 τιοεει
492 210 671 278 QUARTUS.
698 213 812 269 MArUs
1034 208 1111 281 129‘

74 375 209 456 κινήσει
238 375 302 459 γάρ
330 383 391 440 τοῦ
420 375 630 460 ὑποβρυχίου
659 376 781 454 ὕδατος
810 381 967 460 γίνεσθαι
995 381 1137 446 σάλονΧ

74 489 149 555 τοῖς
179 482 380 565 φιλοσόφοις
409 482 513 548 δοκεῖ·
545 484 659 569 πρώτη
692 480 729 548 δὲ
761 481 858 569 ἑορτὴ
890 494 950 550 τοῦ
980 489 1098 551 Μαΐου

75 587 168 671 παρά
192 585 362 671 Ῥωμαίοις
390 589 424 653 αἰ
451 586 528 675 περὶ
556 601 702 674 σεισμῶν
730 592 857 655 ἰκεσίαι.
902 591 1005 678 ταάτη
1033 595 1097 676 γὰρ

67 690 252 770 ’Ἀτλαντος
278 696 382 759 παῖδα
408 695 470 778 τῆν
493 698 611 761 Μαῖαν
638 697 670 762 οἰ
697 694 837 779 μνθικοί
864 706 1014 781 ποιοῦσι,
1041 697 1097 764 καί

73 799 207 886 ἔφορον
230 796 267 867 δὲ
288 811 357 866 τῶν
379 801 513 867 ὑδάτων
540 803 600 867 τὸν
618 801 742 888 Ἑρμῆν
769 798 856 868 εἶναι
882 806 1097 889 παραλαμβά-
1124 831 1137 870 ι

73 929 192 990 νομεν,
216 905 271 972 ιιαί
295 907 352 973 διὰ
369 908 495 992 ταύτην
512 909 575 992 τῆν
597 909 708 974 αἰτίαν
729 908 765 975 ἐν
782 920 853 987 τοῖς
871 910 975 977 αὐτοῦ
994 909 1096 995 πηγαί

73 1011 294 1078 ἀνατίθενται
326 1012 346 1097 ῆ
380 1012 507 1100 φρέατα
538 1013 719 1099 ὀρύττεται.
765 1014 830 1081 εἰσί
860 1013 898 1082 δὲ
927 1017 962 1082 οἵ
992 1034 1096 1102 φασιν

73 1119 164 1196 Διὸς
191 1117 247 1184 ιιαί
270 1122 384 1196 Μαίας
411 1121 471 1186 τὸν
489 1119 614 1206 Ἑρμῆν
641 1116 728 1187 εἶναι
755 1117 982 1209 ἀλληγοριιιῶς
1008 1125 1096 1208 υἰόν,

73 1233 165 1290 νοῦν
196 1220 258 1309 μὲν
290 1219 377 1289 εἰναι
408 1225 468 1291 τὸν
494 1229 578 1309 Δία,
611 1229 729 1293 Μαῖαν
761 1224 798 1293 ἀὲ
826 1229 889 1312 τῆν
919 1234 1096 1316 φρόνησιν,

71 1333 182 1396 παῖθα
205 1327 242 1395 δὲ
266 1329 298 1408 ἐξ
323 1330 449 1416 ἀμφοῖν
463 1331 587 1417 Ἑρμῆν
610 1336 727 1416 λόγιον
745 1336 977 1421 αἰνιττόμενοι.
1013 1339 1096 1403 πάν·
1110 1364 1137 1402 ιο

76 1461 148 1502 των
172 1433 209 1502 δὲ
232 1438 399 1504 νεώτατον
421 1440 634 1525 εἰργάσαντο,
661 1441 718 1505 ἀτε
741 1442 782 1525 όῆ
805 1442 849 1526 μῆ
871 1443 1098 1528 γηράσκοντος

72 1555 137 1609 τοῦ
163 1547 280 1626 λόγον·
304 1545 352 1610 ἔτι
376 1546 442 1629 μῆν
466 1546 637 1612 ὠκύτατον
658 1550 853 1631 πεποίηνται
876 1557 997 1615 τοῦτον
1019 1573 1096 1635 ταρ-

73 1651 247 1727 σώσαντες
263 1662 406 1738 πτεροῖς,
424 1661 488 1718 νοῦ
507 1651 648 1737 ὀξύτητα
665 1651 720 1718 καί
735 1656 832 1738 τάχος
846 1658 949 1738 λόγου
968 1657 1024 1720 όιά
1038 1665 1096 1740 τῆς

72 1758 213 1822 τοιᾶσδε
239 1755 354 1842 τέχνης
382 1759 613 1844 αἰνιττόμενοι.
659 1759 677 1825 ὁ
705 1769 790 1843 γοῦν
817 1765 955 1846 ποιητῆς
977 1780 1095 1846 φησιν·

382 1867 461 1930 ἔπεα
482 1869 672 1950 πτερόεντα,
1109 1886 1136 1927 ιε

73 1934 131 2000 καὶ
1108 1947 1134 2000 Β

382 2005 459 2072 ὡσεί
482 2009 605 2094 πτερὸν
627 2004 665 2092 ῆί
687 2010 795 2094 νόημα

74 2109 147 2179 είτα
182 2108 220 2176 δὲ
252 2114 461 2199 τετράγωνον
494 2117 634 2199 σχήματι
659 2113 818 2200 Ἕλληνες
850 2115 1096 2183 ἀναπλάττουσι
1109 2127 1135 2180 Χ

72 2230 215 2303 τοῦτον,Ι
244 2221 422 2305 τεκμήριον
448 2218 605 2304 μέγιστον
631 2224 850 2307 παρεχόμενοι
879 2224 981 2305 λόγον
1008 2219 1094 2288 εἶναι

73 2337 210 2409 τοῦτον,
240 2323 294 2390 καί
325 2328 428 2409 λόγον
455 2326 574 2411 ἀληθῆ.
621 2329 691 2393 ἔστι
718 2329 781 2413 γάρ
810 2326 864 2392 καί
892 2331 995 2411 λόγου
1018 2331 1094 2413 σχῆ-
1108 2357 1135 2396 ιο

73 2457 174 2517 ματα,
192 2431 210 2497 ὁ
224 2428 286 2516 μὲν
299 2434 424 2517 ψευδὴς
439 2435 554 2515 λόγος.
565 2483 573 2498 .
584 2483 591 2498 .
602 2483 620 2517 .,
640 2434 657 2500 ὁ
673 2431 710 2499 δί
724 2433 889 2518 ἀπατηλὸς
902 2438 1094 2518 πολυγονό-

148 2573 173 2608 v.
191 2559 223 2607 15
242 2553 323 2608 Hom.
341 2551 373 2607 Il.
393 2554 483 2607 A201
503 2557 533 2609 et
550 2555 657 2624 passim
730 2561 761 2609 17
783 2555 833 2610 Od.
852 2576 870 2625 η
890 2562 924 2610 86

148 2679 174 2715 v.
190 2665 206 2713 5
225 2658 481 2731 παραλαμβάνομεν
499 2661 535 2730 Α,
557 2661 644 2716 πάλαι
662 2661 841 2787 λαμὲάνομεν
859 2663 933 2734 A‚B
1006 2669 1020 2716 7
1040 2663 1093 2718 εἰσί

73 2731 108 2787 δὲ
128 2731 162 2786 οἰ
171 2762 206 2772 -
222 2737 255 2785 20
274 2728 357 2801 λόγον
376 2731 471 2802 ἀληθῆ
485 2732 653 2786 Lambecius
666 2733 696 2786 in
737 2734 780 2787 od.
796 2751 822 2803 p.
835 2739 886 2787 153
901 2751 941 2788 nr.
957 2739 999 2802 29,
1019 2734 1053 2788 ef.
1068 2735 1094 2786 R

72 2803 95 2858 f.
111 2810 153 2858 6¹:
171 2802 222 2858 τὸν
241 2801 327 2871 ἑρμῆν
346 2801 374 2856 οἰ
392 2800 502 2873 ἕλληνες
520 2806 568 2858 ιιαλ
587 2804 614 2858 οἰ
632 2805 725 2859 λοιποί
743 2813 798 2859 τῶν
817 2803 941 2874 ἀρχαίαν
955 2803 1027 2859 κατὰ
1041 2804 1092 2874 τὴν

72 2876 172 2929 αὐτῶν
194 2870 409 2943 πεπλανημένην
433 2872 586 2946 θεολογίαν
610 2875 675 2930 οἰὸν
699 2875 761 2937 διὸς
788 2871 896 2946 λέγουσι
921 2877 969 2930 καί
994 2873 1090 2943 μαίας·

73 2947 140 3008 διὸς
158 2943 209 3014 μὲν
227 2941 290 2999 οἶον
307 2953 357 2998 τοῦ
375 2953 436 3014 νοῦ,
455 2943 541 3014 μαίας
559 2944 590 3000 δί
608 2953 657 3016 τῆς
675 2945 847 3015 φρονήσεως·
868 2946 897 3000 ἐκ
912 2955 962 3001 νοῦ
977 2945 1029 3016 γὰρ
1044 2947 1093 3000 ιιαί

74 3015 240 3085 φρονήσεως
265 3015 280 3070 ὁ
306 3013 387 3086 λόγος
412 3025 558 3087 γεννᾶται·
587 3016 635 3071 διὰ
660 3025 741 3072 τοῦτο
768 3018 816 3071 καί
841 3017 980 3085 πτερωτὸν
1006 3016 1092 3072 αὐτὸν

73 3095 218 3155 ποιοῦσιν,
236 3087 273 3149 ὡς
290 3086 389 3158 ταγάν
410 3086 494 3142 οὐδὲν
512 3087 565 3158 γάρ
584 3085 668 3159 λόγον
686 3088 848 3158 ταχύτερον·
870 3086 940 3142 ὅθεν
957 3088 1006 3142 ιιαί
1025 3085 1092 3157 ἀμη-

76 3179 127 3225 ρος
146 3157 212 3227 ἔφη·
238 3157 306 3212 ἔπεα
324 3156 484 3227 πτερόεντα,
503 3160 563 3213 καί·
588 3160 651 3213 ὡσεὶ
669 3159 771 3227 πτερὸν
790 3157 822 3228 ῆὲ
843 3155 942 3228 νόημα.
978 3157 1092 3214 πάντων

55 3228 109 3302 Δἀὲ
130 3229 270 3284 νεώτατον
293 3228 380 3283 αὐτὸν
403 3229 566 3300 ἐργάζονται
589 3229 638 3284 ὃιά
656 3231 687 3284 τὸ
706 3229 742 3299 μὴ
762 3238 910 3300 γηραστεῖν
928 3228 977 3284 τὸν
996 3227 1091 3300 λόγον·

78 3299 149 3354 ἀλλά
176 3301 225 3354 καί
252 3299 426 3370 τετράγωνον
453 3301 541 3355 αὑτὸν
567 3309 680 3355 ποιοῦσι
707 3300 756 3354 διὰ
779 3301 831 3370 τῆν
856 3297 1020 3370 στερρότητα
1042 3309 1092 3354 τοῦ

77 3373 206 3441 ἀληθοῦς
220 3368 311 3442 λόγου.
376 3376 410 3424 10
429 3369 622 3440 αἰνιττόμενον
635 3372 731 3426 Lamb.
806 3378 837 3425 11
857 3373 980 3426 νεότατα
994 3371 1091 3426 Lamb.

80 3450 113 3496 13
132 3440 264 3512 λόγωνΒ
328 3447 362 3495 16
380 3444 525 3497 καί-17
545 3441 636 3514 νόημα
650 3442 728 3497 omis.
745 3443 777 3497 Χ
841 3448 872 3496 18
892 3441 923 3496 δὲ
942 3443 980 3512 X,
999 3441 1093 3497 θίταί

78 3515 176 3568 Lamb.
194 3517 197 3583 Ι
214 3514 389 3584 τετραγάτην
407 3513 435 3567 Β
507 3519 540 3567 21
560 3514 703 3582 lacunam,
726 3530 812 3583 quam
833 3529 899 3568 voce
918 3512 1094 3588 (τρίγωνος)

79 3583 266 3655 supplendam
285 3599 345 3638 esse
364 3585 530 3655 suspicatur,
550 3585 652 3640 statuit
670 3583 702 3640 G.
717 3585 856 3640 Wissowa

133 3685 216 3725 Ianus
231 3683 429 3728 acLWuennch.
916 3680 931 3728 9
