2556 3996
183 203 226 265 28
571 201 680 255 LIBER
697 201 819 255 ALTER

130 365 319 448 Υὸοὐσίαν,
343 366 387 441 ώς
410 382 513 448 φησιν
538 364 555 430 ὁ
577 365 800 450 Παρμενίδης.
840 365 1034 449 πάνταγὰρ
1057 365 1098 428 τά
1121 386 1197 446 νοη-

144 481 169 532 Υ
183 473 223 536 τά
246 470 284 535 έν
306 481 345 557 τη
368 472 480 557 τριάδι
505 470 703 558 περιέχεται,
730 469 785 536 καὶ
808 480 872 547 πάς
895 471 913 536 ὁ
936 478 1031 546 θεῖος
1053 470 1198 557 ἀριθμὸς

184 576 221 641 έν
243 587 282 664 τῇ
306 577 395 656 τάξει
418 579 521 664 ταύτη
543 581 786 663 προελήλυθεν,
810 578 855 653 ώς
877 575 932 642 καὶ
954 569 1055 654 αὐτὸς
1073 578 1091 644 ὁ
1112 581 1197 642 Χαλ-

184 685 277 760 δαῑος
301 683 338 748 ἐν
360 695 431 760 τοῖς
454 688 592 767 λογίοις·

157 847 169 886 5
228 827 328 910 τῆσδε
350 828 414 912 γάρ
438 825 475 890 έν
497 827 634 912 τριάδος
656 829 793 902 κόλποις
815 828 973 912 ἔσπαρται
997 827 1138 908 ἅπαντα,

184 967 238 1033 καὶ
262 969 376 1034 πάλιν·

229 1111 328 1193 τῆσδε
351 1111 415 1195 γάρ
435 1109 470 1175 ἐκ
488 1111 624 1196 τριάδος
642 1119 710 1174 πᾶν
728 1119 858 1194 πνεῦμα
880 1111 988 1193 πατὴρ
1013 1107 1176 1195 ἐπέρασσε.

185 1253 241 1316 διὰ
273 1247 335 1335 μὲν
366 1261 464 1316 τοῦτο
499 1253 530 1317 οἱ
560 1254 791 1337 Πυθαγόρειοι
819 1253 939 1337 τριάδα
965 1247 1027 1336 μὲν
1060 1251 1097 1316 ἐν
1129 1250 1196 1336 ἀρι-

184 1365 295 1442 θμοῖς,
320 1357 357 1423 ἐν
380 1354 417 1422 δέ
441 1361 583 1444 σχήμασι
606 1359 643 1422 τὸ
667 1357 879 1443 ὀρθογώνιον
897 1361 1063 1444 τρίγωνον
1086 1359 1195 1423 ὑποτί-

145 1487 170 1526 10
183 1472 303 1530 θενται
326 1475 490 1549 στοιχεῖον
512 1475 570 1549 τῆς
592 1475 660 1529 τῶν
683 1464 771 1530 ὅλων
793 1463 960 1548 γενέσεως.
996 1466 1034 1530 ἓν
1057 1460 1120 1548 μὲν
1138 1457 1195 1529 οὖν

184 1569 306 1657 μέτρον
330 1570 414 1654 ἐστί,
440 1569 517 1636 καθ’
542 1570 559 1635 ὃ
585 1570 725 1655 συνέστη
754 1570 771 1636 ὁ
800 1570 971 1655 ἀσώματος
998 1568 1054 1636 καὶ
1081 1570 1194 1654 νοητὸς

184 1680 318 1761 κόσμος·
341 1677 500 1762 δεύτερον
524 1673 561 1742 δὲ
584 1676 716 1764 μέτρον,
738 1676 816 1742 καθ’
840 1677 857 1741 ὃ
880 1677 983 1762 ἐπάγη
1004 1677 1021 1743 ὁ
1041 1677 1195 1760 αἰσθητὸς

184 1784 337 1870 οὐρανός,
365 1783 516 1869 πέμπτην
539 1787 650 1869 λαχών
672 1783 727 1850 καὶ
749 1783 927 1871 θειοτέραν
950 1784 1079 1867 οὐσίαν,
1109 1785 1194 1868 ἀτρε-

183 1913 268 1956 πτον
290 1890 345 1957 καὶ
369 1891 587 1976 ἀμετάβολον·
610 1895 725 1978 τρίτον
748 1888 785 1957 δὲ
808 1890 884 1957 καθ’
909 1891 926 1956 ὃ
948 1891 1193 1977 ἐδημιουργηθη

144 2018 170 2057 15
184 2000 224 2062 τά
246 1998 312 2062 ὑπὸ
337 2000 494 2082 σελήνην,
523 1998 559 2063 ἐκ
586 2010 654 2064 τῶν
676 1998 846 2084 τεσσάρων
869 1999 1045 2082 δυνάμεων
1067 1995 1193 2080 γένεσιν

184 2103 239 2169 καί
262 2106 400 2190 φθοράν
423 2103 646 2189 έπιδεχόμενα.
898 2101 900 2106 ’

131 2220 188 2272 ΧΥ
261 2211 291 2275 9.
319 2212 387 2294 Τὴν
406 2208 443 2276 δὲ
461 2213 621 2297 τετάρτην
643 2210 770 2298 ἡμέραν
788 2213 980 2295 Στίλβοντι,
1003 2208 1054 2276 ἑνί
1072 2216 1232 2281 τῶνΙιτΠ,8

184 2320 361 2401 πλανήτων
378 2316 448 2382 κατ’
465 2321 672 2401 Αἰγυπτίους
691 2318 777 2383 οὕτω
798 2318 1003 2406 καλουμένῳ,
1026 2315 1191 2396 ἀνέθεντο,

186 2424 223 2501 ὃς
243 2423 275 2502 ἐξ
290 2431 366 2490 ίσου
380 2421 459 2490 ποτὲ
478 2421 539 2509 μὲν
557 2425 711 2510 ὑγραίνει
724 2421 804 2490 ποτὲ
822 2421 860 2489 δὲ
878 2424 1036 2511 ξηραίνει,
1054 2446 1192 2509 πνευμα-

104 2541 107 2546 “
145 2531 345 2615 σιτούμενος
366 2532 431 2597 ὑπὸ
456 2540 513 2615 τῆς
535 2529 611 2616 περὶ
633 2532 694 2596 τὸν
716 2532 813 2614 ἥλιον
834 2529 1058 2620 ὀξυκινησίας·
1077 2530 1192 2616 Ἑρμοῦ

90 2649 170 2703 XYS
186 2634 224 2702 δὲ
246 2647 366 2702 τοῦτον
376 2637 535 2722 Ἕλληνες
558 2633 644 2702 εἶναι
662 2639 851 2722 βούλονται.
892 2637 982 2725 αὐτῷ
1004 2642 1122 2703 τοίνυν
1139 2637 1193 2718 την

185 2744 325 2829 τετράδα
358 2746 390 2809 ολ
420 2749 686 2828 φιλοσοφοῦντες
718 2743 879 2810 ἀνέθεντο
912 2745 957 2820 ὡς
989 2743 1100 2832 έφόρῳ
1133 2754 1191 2808 τῶν

255 2936 282 2971 v.
299 2925 312 2971 1
334 2918 367 2972 cf.
383 2918 455 2973 Plat.
471 2919 598 2973 Parmen.
612 2938 639 2989 p.
655 2923 706 2973 145
779 2924 803 2973 ὅ.
821 2907 843 2972 7
855 2918 936 2972 Kroll
950 2918 995 2973 Or.
1011 2919 1109 2974 Chald.
1124 2937 1149 2988 p.
1164 2919 1191 2968 18

256 3098 281 3132 v.
303 3084 316 3131 1
337 3095 406 3148 φησι
427 3076 442 3133 ὁ
461 3080 492 3132 D
581 3077 792 3149 2περιέγονται
815 3081 868 3133 cet.
888 3079 945 3132 des,
969 3078 991 3133 S
1013 3080 1017 3150 Ι
1043 3076 1057 3133 ὃ
1078 3075 1192 3133 omis.D

185 3148 333 3212 ὁαόλποις
346 3149 496 3220 ἐπάρχεται
515 3151 568 3205 Sch
586 3149 730 3204 codicibus
753 3149 891 3216 vindicat,
915 3149 965 3220 qui
987 3152 1083 3204 tamen
1106 3161 1192 3204 omnes

185 3221 319 3290 έσπαρται
337 3221 560 3292 (ODEFGM)
580 3220 721 3276 exhibent.
782 3227 796 3274 7
812 3218 942 3290 ἐκέρασεν
956 3222 999 3289 Μ,
1014 3219 1127 3289 έιιέρασε
1140 3217 1191 3273 rell.

186 3299 219 3346 10
238 3291 380 3364 γενέσεως]
400 3290 530 3363 γίνεσθαι
548 3293 579 3346 D
634 3298 666 3346 11
685 3290 800 3362 συνέστη
820 3292 965 3361 ἀσώματος
977 3293 1007 3347 D
1062 3299 1095 3346 12
1111 3289 1192 3360 ἐπάγη

185 3362 320 3433 αἰσθητός
338 3365 368 3418 D
442 3370 474 3417 13
494 3364 627 3489 obpavbc}
649 3372 716 3426 νοῦς
735 3365 770 3417 M
843 3369 876 3417 17
894 3364 946 3433 τὴν
964 3366 1003 3434 (τε
1022 3363 1087 3418 add.
1102 3366 1140 3433 A)
1156 3377 1192 3414 τε·

184 3434 288 3504 τάρτην
306 3433 413 3505 ἡμέραν
431 3439 469 3488 τώ
488 3434 556 3506 ἑρμῇ
575 3434 611 3490 ἀν
626 3439 712 3493 θεντο
733 3433 763 3498 ὃς
785 3434 813 3500 ἐξ
837 3434 899 3490 ίσοο
922 3433 976 3490 iim.
996 3436 1028 3489 X
1118 3441 1150 3488 19
1166 3428 1192 3484 δὲ

185 3505 263 3560 omis,
282 3507 311 3560 A
396 3512 430 3560 2θ
446 3489 550 3575 Ἑρμοῦ
565 3539 600 3547 -
615 3513 647 3559 21
663 3506 816 3596 ,δοίλονται
835 3506 965 3570 οιοὶε,Χ
1049 3511 1082 3559 21
1103 3503 1145 3560 ὅτι
1160 3505 1192 3572 τῷ

186 3578 253 3648 ἑρμη
272 3577 322 3647 τὴν
341 3575 460 3646 τετράδα
475 3610 508 3618 -
523 3596 550 3647 p.
566 3584 637 3648 2954
657 3578 778 3648 αρχώτας
797 3576 828 3632 δὲ
846 3578 948 3634 κύκλον
970 3575 1057 3646 αώτήν
1076 3594 1160 3647 φησιν
1176 3570 1194 3626 S
