2556 3996
141 207 184 272 38
294 216 298 227 ·
496 189 611 262 'LIBER
629 208 783 265 TERTIUS

96 380 123 433 H
203 372 232 434 2.
257 373 324 436 Tov
336 379 424 456 μῆνα
441 373 524 437 κατά
542 373 603 436 τὸν
617 374 814 456 σεληνιακὸν
832 374 960 458 δρόμον
978 373 1078 458 ἠρίθ-
1092 380 1211 446 RrIH,1

63 486 123 540 ΧΗ
137 501 225 562 μουν
247 479 280 543 ολ
302 481 452 562 παλαιοί,
480 480 582 543 ἔνθεν
609 477 664 543 καὶ
692 480 759 565 μὴν
784 479 1067 566 προσαγορεύεται
1090 476 1158 541 ἀπὸ

138 593 196 668 τῆς
219 586 338 668 μήνης,
366 583 517 649 τουτέστι
539 595 597 668 τῆς
624 589 775 670 σελήνης·
803 588 923 670 σελήνη
947 582 984 650 δέ
1007 583 1071 650 ἀπὸ
1094 592 1158 648 τοῦ

95 702 121 755 Η
136 690 232 767 σέλας
259 689 311 756 ἀεὶ
339 691 417 757 νέον
444 694 540 775 ἔχειν.
593 693 660 777 μὴν
690 695 754 779 γάρ
787 692 855 759 έστι
883 695 1002 778 χρόνος
1029 691 1159 756 ὁπόσον

112 796 181 863 εδιν
209 796 227 864 ὁ
254 799 348 881 ἥλιος
375 799 541 882 διηνυκὼς
568 805 633 883 είη,
662 799 699 864 έν
727 791 754 888 ᾧ
780 802 817 866 τὸ
846 799 910 865 ἀπὸ
933 809 993 865 τοῦ
1015 797 1158 881 ἡλιακοῦ
1268 869 1269 892 ¹

138 903 279 991 κέντρον
307 917 378 988 φῶς
406 904 458 971 ἐπὶ
486 907 548 990 τήν
574 909 717 991 σελήνην
749 909 936 993 φερόμενον
962 902 1017 971 καὶ
1043 925 1158 989 περιο-

140 1013 264 1076 δεῦσαν
287 1014 334 1088 εἰς
356 1013 416 1077 τὸν
439 1013 542 1078 αὐτὸν
564 1011 772 1100 άποκαταστῇ
795 1015 900 1079 τόπον
923 1013 1007 1078 ὅθεν
1033 1009 1157 1096 ήρξατο
1269 1079 1270 1082 ¹

139 1117 361 1203 περιοδεύειν·
389 1119 472 1183 ὅθεν
498 1117 553 1184 καὶ
581 1118 646 1183 ἀπὸ
674 1120 822 1184 συνόδου
850 1121 897 1195 εἰς
924 1118 1072 1184 σύνοδον
1094 1117 1158 1199 τήν

139 1227 320 1308 νεομηνίαν
337 1236 495 1310 τιμῶντες
513 1228 766 1309 συνελογίζοντο
788 1226 849 1290 τὸν
867 1224 1023 1290 ἐνιαυτὸν
1040 1223 1158 1288 τεσσά·
1270 1259 1271 1268 ¹

98 1352 124 1390 1⁰
139 1354 209 1416 ραν
240 1329 295 1395 καὶ
327 1333 531 1414 πεντήκοντα
566 1329 621 1397 καλ
657 1321 872 1418 τριακοσίων
892 1330 1026 1416 ἡμερῶν
1057 1324 1158 1412 εἶναι,

138 1439 221 1504 ὥστε
245 1437 368 1526 ἑκάστῳ
396 1436 476 1522 μηνὶ
499 1440 713 1524 περιβάλλειν
743 1436 841 1504 έννέα
866 1435 921 1504 καὶ
944 1443 1049 1502 εἴκοσι
1072 1436 1158 1521 πρὸς

137 1555 175 1632 τό
199 1545 332 1631 δονεῖν
353 1544 485 1631 ἡμέρας·
1272 1566 1273 1658 η

102 1663 119 1717 S
202 1653 231 1716 3.
242 1650 313 1717 Ὅτι
327 1656 463 1736 Τι’μαιυς
472 1661 537 1717 νῦν
547 1648 608 1736 μέν
617 1652 779 1735 γεννητὸν
788 1649 860 1717 κατ’
873 1653 993 1734 αἰτίαν,
1007 1659 1072 1715 νῦν
1086 1660 1213 1716 deesth

138 1756 175 1824 δέ
198 1758 382 1842 ἀγέννητον
405 1759 465 1823 τὸν
486 1761 612 1842 κόσμον
635 1757 787 1843 ὁρίζεται
812 1757 996 1842 ἀγέννητον
1019 1755 1081 1841 μέν
1098 1756 1158 1821 διδ
1273 1782 1274 1866 η

98 1883 124 1924 15
138 1867 196 1942 τάς
208 1863 256 1930 ’έν
279 1865 369 1953 αὐτῷ
392 1866 512 1948 νοητάς
536 1865 704 1948 δυνάμεις,
722 1865 885 1948 γεννητὸν
903 1859 941 1929 δέ
959 1855 1014 1928 οἷα
1031 1863 1158 1949 ὁρατὸν

139 1971 244 2038 άπτόν
267 1996 302 2037 τε
322 1973 392 2056 ιδίμα
409 1969 464 2036 καὶ
488 1981 581 2056 σῶμα
604 1973 730 2055 ἔχοντα.
1127 1971 1132 1981 ’
1274 1998 1275 2066 η

98 2091 123 2144 Χ
199 2079 230 2142 4.
253 2079 387 2154 Κύκλος
412 2078 536 2153 παντὸς
564 2076 713 2163 ἀριθμοῦ
740 2077 872 2161 ἐστινὴ
896 2078 994 2152 δεκάς
1016 2074 1072 2140 καὶ
1090 2086 1212 2157 RrIII‚2
1274 2069 1275 2076 δ

138 2184 253 2272 πέρας·
275 2183 352 2271 περὶ
376 2185 480 2268 αὐτήν
498 2185 562 2269 γδιρ
587 2184 773 2268 εἱλούμενοι
791 2182 847 2249 καλ
869 2183 1159 2268 κατακάμπτοντες

139 2293 249 2378 ὥσπερ
276 2301 449 2377 καμπτῆρα
477 2290 711 2374 δολιχεύουσιν
738 2291 772 2356 οὶ
794 2290 944 2376 ἀρνδμοί.
989 2290 1068 2375 ὅρος
1090 2291 1157 2377 γάρ

101 2419 127 2458 εο
141 2397 210 2463 έστι
233 2407 290 2482 τῆς
313 2397 464 2482 ἀπειρίας
486 2396 609 2462 αὐτῶν·
638 2395 701 2461 άπὸ
725 2398 789 2482 γάρ
812 2397 958 2480 μονάδος
981 2397 1075 2482 ἄχρις
1098 2396 1159 2462 αύ-

141 2513 199 2589 τής
230 2502 285 2569 καὶ
315 2507 418 2589 μόνης
446 2503 692 2589 ἀριθμήσαντες
720 2501 776 2568 καὶ
806 2504 941 2579 στάντες
972 2501 1023 2568 ἐπ’
1051 2503 1159 2587 αὐτὴν

143 2607 244 2688 αὖθις
271 2608 324 2676 έπλ
351 2612 413 2694 τήν
439 2611 568 2695 μονάδα
596 2607 854 2696 ἀναστρέφομεν.
899 2610 951 2675 ότι
973 2606 1011 2674 δέ
1033 2612 1159 2688 παντὸς

143 2718 292 2804 ἀριθμοῦ
309 2719 483 2801 συνεκτική
501 2717 522 2800 ἡ
538 2718 645 2800 δεκάς,
663 2716 821 2802 μάρτυςη
836 2717 949 2801 φύσις,
962 2717 1006 2802 μή
1021 2721 1159 2794 πλείους

143 2836 211 2890 τῶν
243 2823 322 2889 δέκα
354 2825 527 2889 δακτύλων
563 2823 647 2889 ἀλλὰ
684 2819 767 2909 μηδὲ
800 2821 954 2902 ἐλάττους
986 2822 1158 2912 ἀνθρώπῳ

104 2951 129 2991 25
143 2941 367 3019 παρασχοῦσα.
417 2930 521 3007 οὕτως
553 2933 617 3016 άρα
648 2928 703 2996 καὶ
736 2927 789 2994 ἐπὶ
820 2938 969 3012 τηςτοῦ
1001 2929 1159 2996 ἐνιαυτοῦ

144 3039 275 3123 φύσεως
289 3040 380 3102 ἔστιν
394 3037 516 3123 εὑρεῖν,
535 3037 584 3102 ὅτι
605 3036 900 3123 συμπληρούμενος
917 3031 1028 3120 αὖθις,
1047 3037 1159 3123 ὥσπερ

144 3145 163 3211 δ
191 3144 270 3210 δέκα
301 3143 462 3230 άρνθμός,
495 3144 543 3218 είς
575 3140 694 3208 ἑαυτὸν
725 3140 937 3227 ἀναστρέφει·
969 3140 1024 3208 καλ
1053 3143 1195 3232 ταύτη3

216 3320 240 3355 ν.
261 3305 293 3354 13
313 3300 347 3354 cf.
366 3300 439 3355 Plab.
459 3298 529 3353 Tim.
548 3317 575 3368 p.
590 3299 655 3354 260

217 3462 241 3497 v.
261 3449 276 3496 2
296 3451 380 3512 μῆνες
396 3441 654 3512 προσαγορεύονται
669 3446 733 3494 -3
751 3440 829 3509 παρὰ
847 3440 879 3495 τὸ
903 3439 983 3504 σέλας
1000 3438 1066 3497 νέον
1086 3441 1101 3496 ἔ
1117 3461 1166 3502 ειν,

146 3515 196 3639 ἔξω
214 3520 259 3638 ὲδ
279 3513 433 3581 εἱλούμενοι
447 3513 474 3566 Β
529 3518 563 3566 24
582 3511 696 3574 έλάτονς
709 3514 745 3582 Α,
763 3531 857 3575 -ττους
875 3529 944 3567 corr.
958 3513 996 3585 A,
1049 3518 1083 3568 26
1099 3463 1161 3587 δτι]
