2556 3996
467 209 576 264 LIBER
593 211 730 266 PRIMUS
1067 216 1108 279 15

33 380 75 432 Rr
86 378 110 448 1,
123 387 156 434 26
180 369 232 436 30.
247 368 376 437 Ἐδόκει
395 368 457 456 μὲν
475 371 589 457 μηκέτι
608 372 656 438 ἐπ’
680 373 814 460 ἀγορᾶς,
834 373 904 441 ἀλλ’
929 375 966 442 ἐν
979 386 1025 465 τῷ
1041 382 1150 444 Hoc-X

90 481 194 565 λατίῳ
218 479 280 562 τὴν
303 480 431 563 βουλὴν
454 480 672 563 συνάγεσθαι,
695 481 756 564 την
777 478 815 549 δὲ
833 483 993 567 τοιαύτην
1011 485 1110 551 σύνο-
1220 462 1225 476 ’

90 585 156 650 δον
177 585 362 669 ιιομβέντον
385 588 465 662 ἔθος
483 585 655 671 Ῥωμαίοις
676 593 805 672 καλεῖν,
828 587 904 654 ἀντὶ
929 599 990 655 τοῦ
1013 591 1110 656 συνέ-

90 697 217 757 λευσιν.
265 702 360 775 σιγῆς
382 689 420 758 δὲ
443 703 513 770 τοῖς
534 699 673 772 πολλοῖς
700 694 958 780 βουλευομένοις
980 698 1044 763 δεῖ·
1075 697 1111 763 ἐκ

89 808 149 882 τῆς
178 797 256 885 περὶ
285 800 347 882 τὴν
376 800 476 884 σιγὴν
506 801 654 884 σπουδῆς
682 837 724 847 -
754 801 920 868 σιλέντιον
948 801 978 868 δ’
1006 803 1111 888 αὐτὴν
1131 822 1152 894 ε

88 909 239 992 πατρίως
262 912 423 972 καλοῦσιν
445 945 490 954 -
513 911 757 995 σιλεντιαρίους
780 911 916 993 ἔκριναν
937 910 1111 995 ὀνομάζειν

90 1012 225 1089 αύτούς.
271 1013 406 1078 πάντων
429 1009 466 1078 δὲ
491 1015 610 1098 σχεδὸν
634 1013 884 1098 έναλλαγέντων
907 1015 1050 1102 διέμεινε
1073 1019 1110 1084 τὸ
1139 1039 1143 1045 ·

90 1130 153 1186 τοῦ
177 1118 361 1204 λεγομένου
383 1124 569 1207 μαγίστρου
592 1124 794 1208 φρόντισμα·
818 1122 970 1189 ἐπείθετο
994 1121 1032 1189 δὲ
1053 1125 1111 1190 αύ-

89 1235 138 1314 τῷ
171 1225 264 1306 τάξις
295 1251 346 1304 τις
376 1230 582 1311 πεντήκοντα
613 1229 674 1293 τὸν
710 1227 858 1315 ἀριθμὸν
890 1230 1042 1316 ἀνδρῶν,
1078 1234 1114 1296 οἳ

90 1334 358 1419 φρουμεντάριοι
376 1333 432 1399 καὶ
450 1339 630 1420 κουρίυσοι
649 1337 950 1422 προσηγορεύοντο,
969 1328 1044 1402 οἷον
1063 1354 1112 1402 σι-
1124 1362 1152 1402 10

89 1452 196 1506 τῶναι
219 1438 274 1505 καὶ
297 1444 480 1527 περίεργοι·
503 1439 558 1506 καὶ
582 1438 695 1527 οἱμὲν
719 1454 856 1508 σιτῶναι
874 1453 932 1528 τῆς
950 1443 1111 1527 εὐθηνίας

89 1560 160 1613 τῶν
175 1546 273 1634 ἐντῷ
288 1551 446 1635 Παλατίῳ
460 1548 663 1633 ἀντείχοντο,
683 1550 716 1615 ολ
730 1545 767 1614 δὲ
781 1554 952 1636 περίεργοι
966 1549 1110 1633 ἡγοῦντο

90 1664 153 1720 τοῦ
177 1656 342 1738 δημοσίου
364 1656 502 1740 δρόμου.

48 1775 80 1824 27
161 1761 214 1826 31.
237 1763 492 1848 Κλαβουλάριος
516 1761 726 1847 ὀχηματιιιύς·
749 1765 875 1848 κλάβον
897 1765 961 1848 γάρ
985 1763 1045 1828 τὸν
1063 1768 1111 1828 ολ-

89 1892 155 1933 ακα
177 1874 348 1934 καλοῦσιν.
1124 1895 1151 1935 15

49 1988 80 2037 28
160 1975 214 2040 32.
238 1973 365 2059 Βηλωξ,
390 1973 477 2058 ὀξύς,
501 1974 538 2052 ὃς
560 1973 616 2041 καὶ
640 1976 874 2063 βεραιύαρικὸς
896 1978 944 2040 έτι
967 1974 1022 2041 καὶ
1045 1986 1110 2042 νῦν

90 2080 233 2166 λέγεται.
279 2083 457 2168 βεραίὸους
485 2078 522 2147 δὲ
541 2080 680 2158 Ἰταλοῖς
703 2077 790 2148 εἶναι
814 2083 906 2148 δοκεῖ
927 2085 1006 2159 τοὺς
1028 2083 1110 2148 ὑπο-

90 2191 228 2271 ζυγίους
246 2188 368 2264 ἵππους
387 2237 461 2253 ...
481 2188 562 2274 ὅπερ
582 2187 682 2271 ἐστίν,
702 2186 811 2254 ἕλκειν
828 2189 866 2253 τὸ
883 2190 1003 2274 ὄχημα·
1026 2189 1110 2255 ὅθεν

89 2293 148 2360 καὶ
172 2295 358 2360 δασύνουσι
381 2296 567 2380 γράφοντες
590 2296 628 2360 τὸ
652 2294 769 2380 ραίὸας
792 2297 898 2379 ὄνομα
919 2294 955 2360 ἐκ
973 2304 1033 2360 τοῦ
1053 2295 1110 2383 ρᾳ-
1187 2279 1193 2288 ’

89 2404 174 2478 δίας
199 2400 418 2489 έπιρρήματος
440 2399 667 2488 παρηγμένον·
691 2403 723 2466 οἱ
746 2402 810 2487 γάρ
833 2403 1011 2487 βεραίύους
1032 2404 1110 2479 τοὺς
1125 2429 1151 2468 ιο

90 2509 212 2594 ῥαίύας
236 2508 326 2586 εἰιτὸς
350 2507 502 2591 λέγοντες
525 2509 657 2594 σφόδρα
679 2513 880 2574 πλανῶνται.

52 2628 81 2678 29
162 2616 214 2681 33.
233 2613 479 2701 Ἀυτιιιουάριοι
499 2617 532 2680 ολ
549 2613 805 2699 κατάἝλληνας
823 2615 1054 2699 καλλιγράφοι.

52 2735 82 2784 30
161 2721 213 2786 34.
232 2720 268 2785 Ὁ
291 2718 328 2786 δὲ
345 2725 486 2806 Νουμᾶς
509 2717 606 2798 οὗτος
629 2724 845 2807 βαρβαρικοῖς
863 2721 1110 2808 ταραττομένην

166 2967 190 3002 v.
213 2956 227 3003 1
257 2947 349 3005 ἐδόκει
368 2981 402 2990 —-
426 2956 442 3006 6
466 2947 614 3018 ὀνομάζειν
650 2948 752 3011 αύτούς
783 2948 950 3002 Lambeoius
982 2949 1012 3002 in
1042 2948 1108 3004 eod.

90 3039 119 3091 p.
141 3026 193 3074 208
211 3026 338 3076 nro.154
356 3020 429 3075 falso
446 3019 554 3090 profert
571 3023 604 3073 ut
624 3020 669 3073 ‘ex
682 3019 739 3073 Ioh.
754 3019 827 3088 Lydi
845 3019 918 3073 libro
937 3021 1001 3087 περὶ
1015 3018 1109 3090 ἀρχῶν

91 3093 254 3146 ’πολιτικῶά
276 3093 437 3162 άεεουεμλος
456 3092 532 3145 idem
549 3090 620 3145 facit
637 3090 800 3161 Ducangius
815 3109 836 3144 ε.
851 3109 875 3145 v.
896 3089 1084 3159 σιλεντιάριος.
1103 3091 1106 3160 λ

92 3162 141 3216 ἐπὶ
160 3161 265 3233 ἀγορᾶς
282 3163 379 3218 Lamb.
466 3168 482 3216 3
506 3159 671 3233 ιιομβέντιον
690 3163 717 3215 Β
802 3163 894 3215 4ύεῖ·
914 3160 963 3215 διὰ
977 3170 1059 3216 τοῦτο
1078 3161 1108 3216 έιι

91 3233 252 3303 τῆςΙιοιηί).
322 3233 383 3288 ’ἰδὲ
398 3233 476 3289 omis.
492 3234 521 3287 Β
593 3231 788 3304 8μαγίστρου]
803 3231 898 3300 λ’στρου
912 3233 940 3285 Β
1013 3239 1047 3286 10
1061 3252 1108 3287 ιιο-

92 3305 201 3373 ριώσιοι
220 3306 252 3360 Χ
269 3322 337 3360 corr.
357 3304 521 3376 Ducangius
540 3323 561 3359 ε.
575 3324 600 3358 v.
616 3301 834 3373 φρουμεντάριοι
907 3309 940 3356 16
960 3299 1038 3374 βέλοξ
1057 3304 1085 3357 Β
1102 3305 1105 3376 4

51 3375 54 3380 ’
92 3376 133 3430 ἔτι
164 3375 221 3430 ἔστι
239 3377 267 3430 Β
363 3382 396 3430 18
420 3377 524 3430 desunt
546 3375 695 3444 nonnulla,
723 3375 801 3429 velut
823 3373 899 3442 παρὰ
923 3382 973 3428 τοῦ
997 3375 1108 3445 βερραι-

92 3450 188 3503 δενειν
200 3447 312 3504 Hasius.
333 3447 367 3503 cf.
381 3447 451 3516 Lyd.
467 3449 502 3502 de
515 3464 589 3517 mag.
605 3447 690 3514 IIL61
711 3443 859 3518 βεραίδους
877 3446 980 3508 αὐτούς
998 3446 1026 3500 ολ
1039 3467 1108 3515 κρα-

91 3528 205 3582 τοῦντες
231 3517 393 3588 ὠνόμασαν,
421 3520 470 3574 καλ
497 3518 548 3589 τὴν
572 3515 667 3574 αἰτίαν
690 3517 720 3573 έν
742 3527 802 3580 τοῖς
823 3517 887 3586 περὶ
910 3525 1006 3586 μηνῶν
1030 3517 1109 3587 λ’σμεν

94 3588 276 3659 ἀποθέμενοι.
350 3597 383 3644 23
404 3590 419 3645 ὁ
438 3588 470 3646 δὲ
488 3591 606 3662 υονμᾶς]
625 3588 656 3644 δὲ
675 3588 754 3645 omis.
773 3589 801 3644 A
