2530 3988
195 205 260 269 140
473 205 582 260 LIBER
601 203 777 269 QUARTUS.
804 203 929 258 IUNIUS

159 379 288 453 ῦμους·
315 365 370 432 καὶ
397 367 499 433 πάλιν
526 369 574 444 είς
596 366 756 434 ἐπίπεδον
778 368 838 432 τὸν
866 369 969 433 λίθον
996 365 1129 432 τιθέναι
1155 364 1201 431 καὶ
1240 377 1241 400 ¹

194 477 355 559 νηνεμίαν
377 477 541 558 γίνεσθαι.

262 582 313 646 99.
330 565 402 646 Ὅτι
424 582 483 657 τὰς
502 581 641 657 συνετὰς
659 580 811 656 διανοίας
825 579 857 645 οἱ
870 576 1004 663 ποιηταὶ
1018 583 1131 664 μελαί·
1144 578 1242 644 ᾶεειιΗί

194 712 255 764 νας
269 685 374 773 φασὶν
387 678 462 753 οίον
475 690 629 771 βαθείας·
647 695 694 774 τςῦ
707 688 771 772 γὰρ
790 687 891 770 βάθει
909 688 946 752 τὸ
965 685 1070 771 μέλαν
1088 685 1201 753 ἕπεται·
1225 729 1233 742 =

169 803 377 880 ετοιχαροῦν
408 794 426 859 ὁ
455 795 630 880 Πίνδαρος
661 794 779 869 λευκάς
810 810 892 877 φησι
925 791 1052 879 φρένας
1082 795 1140 871 τὰς
1167 793 1200 877 μη
1242 860 1243 876 χ

195 902 343 978 συνετάς.

156 1035 182 1088 Χ
198 1023 271 1088 100.
297 1028 367 1090 Φεῦ
389 1035 458 1090 τῶν
479 1028 642 1111 βροτείων
665 1025 710 1100 ὡς
732 1023 902 1110 ἀνώμαλοι
925 1025 1035 1108 τύχαι·
1142 1033 1243 1087 1111961

293 1131 326 1196 ολ
348 1127 410 1215 μὲν
432 1131 496 1217 γάρ
520 1126 558 1196 εὖ
580 1130 778 1216 πράσσουσι,
801 1141 871 1207 τοίς
895 1126 932 1196 δὲ
956 1128 1127 1216 συμφοραὶ
1243 1142 1244 1182 i

294 1235 433 1322 σκληραὶ
455 1238 610 1322 πάρεισιν
633 1236 807 1321 εὐσεβοῦσι
830 1239 914 1323 πρὸς
936 1244 1030 1302 θεοῦ.

156 1387 182 1427 10
194 1362 257 1444 τὴν
285 1361 389 1446 τύχην
414 1365 613 1447 Φορτοῦναν
640 1359 798 1444 λέγουσιν
825 1362 858 1426 ολ
881 1360 1034 1445 Ῥωμαῖοι
1064 1360 1127 1427 άπὸ
1152 1369 1200 1443 τῆς
1244 1424 1245 1460 ρ

196 1477 303 1554 φοράς
321 1516 329 1532 .
344 1517 351 1532 .
366 1518 395 1533 ..
416 1471 545 1533 ἔνθουν
568 1465 741 1552 ὠφέλειαν.
782 1465 1024 1554 Ἀριστοτέλης·
1052 1467 1099 1533 ‘el
1120 1469 1200 1532 ἔστιν
1244 1463 1245 1494 ³

195 1571 305 1660 ἀρετά,
329 1575 390 1640 οῦκ
413 1577 482 1639 ἔστι
505 1574 601 1658 τύχη·
625 1575 693 1639 άνω
715 1575 778 1660 γάρ
797 1571 853 1640 καὶ
871 1575 959 1639 κάτω
977 1575 1018 1639 τὰ
1036 1583 1095 1657 τῆς
1112 1574 1200 1657 τύχης

195 1677 233 1743 έν
255 1689 326 1754 τοῖς
349 1677 578 1765 ἀνθρωπίνοις
601 1680 798 1765 γυμνάζεται
821 1681 1006 1766 πράγμασι,
1028 1679 1157 1767 πλούτφ
1171 1701 1200 1744 τε
1245 1706 1246 1770 χ

195 1783 250 1850 καί
276 1787 503 1871 διαφερόντως
530 1785 652 1873 ἀδικίᾳ.
699 1787 731 1852 οἱ
759 1782 796 1851 δὲ
822 1787 906 1873 πρὸς
933 1785 1056 1873 άρετην
1083 1789 1201 1871 ἔχοντες
1245 1785 1246 1812 ff

156 1918 181 1960 ιε
195 1889 249 1956 καὶ
272 1897 357 1956 θεοῦ
380 1890 583 1976 μεμνημένοι
601 1890 657 1957 καὶ
675 1895 865 1978 κρείττονας
884 1890 937 1957 ἐπὶ
955 1903 1024 1958 τῶν
1042 1897 1201 1979 μακαρίον

194 1997 250 2063 καὶ
280 1997 394 2064 άύλοιν
423 2000 625 2085 πραγμάτων
655 1998 792 2075 έλπίὸας
821 1999 1018 2076 σαλεύοντες
1047 2023 1199 2085 παταφρο-
1246 1988 1247 2066 i

195 2115 294 2172 νοῦσι
318 2116 386 2171 τῶν
408 2107 486 2191 τῇδε
508 2106 640 2172 καλῶν’.
678 2101 866 2191 οὐδὲνγὰρ
890 2102 1037 2190 ἀσφαλές
1061 2103 1137 2173 οὐδὲ
1157 2129 1200 2170 ιε-

195 2211 354 2298 κριμένον
387 2210 477 2276 έστλν
511 2209 563 2277 ἐπὶ
594 2221 651 2296 τῆς
683 2212 797 2296 τύχης,
830 2212 875 2288 ὡς
904 2212 1093 2299 Εὐριπίδης
1122 2216 1200 2299 φησί.

195 2322 328 2405 χείρους
352 2319 384 2383 ολ
402 2326 463 2382 τοῦ
485 2318 633 2383 πλούτου
654 2319 743 2403 παρὰ
766 2315 889 2403 μέτρον
907 2315 1090 2402 ἐφιέμενοι·
1111 2325 1200 2385 πλοῦ-

157 2451 183 2492 ιο
196 2448 253 2502 τος
274 2427 338 2510 γὰρ
362 2428 490 2508 μάλλον
512 2427 627 2500 ιιακίας
645 2422 665 2507 ἢ
684 2427 932 2507 καλοκαγαθίας
949 2423 1115 2511 ὑπηρέτης
1132 2424 1200 2506 έστί,

164 2529 303 2616 ῦφησὶν
323 2530 341 2596 ὁ
361 2530 479 2617 ῥήτωρ.
525 2531 576 2597 ὅτι
599 2531 618 2597 ὁ
637 2533 782 2597 Πλάτων
804 2529 931 2615 μηδένα
949 2535 1105 2615 γίνεσθαι
1122 2535 1200 2618 μεχί-

199 2655 279 2704 στου
310 2637 459 2702 πλούτου
491 2638 611 2724 κύριόν
639 2656 757 2723 φησιν,
790 2638 819 2702 εί
851 2638 896 2721 μη
923 2638 983 2702 τὸν
1013 2643 1200 2724 προεζημιο-

197 2742 299 2828 μένον
321 2743 383 2828 την
407 2745 526 2828 ψυχήν.

270 2901 293 2938 v.
309 2887 325 2936 3
343 2883 458 2952 ποιηταί
478 2898 500 2936 ο.
516 2901 543 2952 g.
560 2882 624 2937 Solo
642 2882 695 2953 frg.
710 2889 753 2952 42,
768 2889 785 2936 4
804 2883 898 2954 Bergk
968 2891 984 2939 5
1002 2883 1116 2940 Pindar.
1129 2885 1198 2955 Pyih.

196 2953 235 3008 IV
255 2959 307 3009 194
389 2958 405 3006 7
423 2951 567 3023 Euripidis
585 2953 611 3006 fr
632 2958 715 3022 .684‚
730 2960 799 3008 1-3
818 2953 920 3008 Nauck
999 2960 1031 3009 11
1050 2955 1199 3012 Aristotelis

196 3025 249 3097 frg.
270 3030 304 3081 88
331 3043 359 3096 p.
379 3021 473 3078 14911’
498 3030 531 3078 16
557 3025 596 3078 Βο
638 3041 680 3094 er,
716 3024 790 3079 Rose
819 3025 905 3080 Arist.
931 3027 1065 3096 pseude.
1093 3027 1144 3100 ῦς.
1166 3032 1199 3092 79,

196 3097 229 3152 A.
239 3097 319 3152 Elier
331 3113 423 3167 progr.
439 3096 526 3150 Bonn.
539 3101 607 3150 1893
622 3095 652 3148 in
665 3111 747 3150 mem,
762 3095 836 3150 Frid.
853 3095 926 3151 Guil.
937 3097 976 3151 ΙΠ
986 3125 1020 3144 --
1031 3045 1155 3154 &nomol¹
1168 3097 1199 3151 ΠΙ

195 3187 222 3238 p.
239 3175 290 3222 119
346 3173 379 3222 18
398 3166 541 3236 Euripidis
554 3166 607 3236 frg.
619 3173 671 3220 942
685 3165 786 3220 Nauck
840 3173 873 3221 21
894 3167 909 3223 ὀ
928 3165 1031 3239 ῥήτορι
1052 3168 1199 3241 [Isocrates]

195 3239 266 3307 πρὸς
284 3236 444 3308 Δημύνιιιον
463 3245 478 3304 ἕ
494 3245 510 3292 6
527 3241 531 3307 Ι
547 3237 643 3292 Plato:
663 3237 696 3292 A.
715 3237 794 3292 Elter
811 3237 829 3292 l.
850 3255 870 3292 ε.

266 3380 290 3415 v.
307 3365 323 3414 9
341 3359 414 3416 θεὸν
432 3361 475 3430 Χ,
499 3378 566 3417 corr.
587 3361 631 3416 Rr
703 3367 735 3415 11
754 3364 820 3432 posi
837 3370 929 3432 φορᾶς
951 3362 1084 3417 lacunam
1104 3363 1199 3419 indicat

195 3432 223 3488 A
297 3438 330 3486 12
349 3441 442 3505 ψυχῆς
460 3434 488 3487 Β
561 3439 594 3488 19
612 3433 735 3488 πλούτου
757 3441 807 3488 τοῦ
830 3433 908 3503 παρά
927 3431 970 3503 X,
993 3439 1043 3489 τοῦ
1062 3435 1199 3490 delendum

196 3519 257 3558 esse
274 3507 357 3574 patet
374 3521 389 3559 e
407 3523 434 3632 ρ,
452 3510 547 3572 73,10
620 3511 654 3560 20
673 3503 785 3578 κακίας]
808 3503 907 3569 καλίας
924 3507 952 3561 Α
1025 3513 1057 3560 21
1079 3507 1094 3562 ὁ
1113 3503 1199 3578 ύήτορ.

196 3578 249 3630 cet.
268 3576 325 3630 des.
340 3577 391 3646 ΧΙ
423 3596 449 3631 τι
463 3609 499 3617 -
513 3595 539 3646 p.
557 3582 616 3648 141,
633 3583 663 3632 11
685 3577 853 3649 προφεύχυν
872 3577 894 3634 S
