2524 3984
472 197 678 254 PRAEFATIO
969 198 1085 254 LXXIX

78 367 144 424 sium
165 366 201 426 ab
224 366 278 426 illo
301 365 466 426 constituto
490 366 596 443 incipit
618 366 763 444 narratio,
786 370 851 426 turn
875 371 977 427 autern
999 372 1084 429 recta

78 456 119 513 via
146 455 208 533 agit
235 455 271 514 de
293 447 420 532 'magica
442 456 558 515 numeri
588 455 763 515 duodenarii
791 456 822 516 vi
850 460 942 532 atque
969 457 1084 517 indole:

77 544 157 602 talem
178 562 321 620 pannum,
345 545 397 621 qui
418 545 480 604 late
504 545 660 620 splendeat
681 545 925 621 philosophorum
944 545 1083 605 doctrina

77 633 226 708 recondita,
248 633 393 692 materiae
416 632 532 693 alienae
552 634 675 693 adsuere
699 653 714 692 e
733 633 889 693 Laurentii
912 653 993 695 more
1018 653 1082 694 esse

77 721 225 781 innumeris
253 723 315 781 iarn
343 723 484 799 exemplis
512 722 596 782 nobis
624 722 809 799 probabitur.
857 723 966 799 quibus
996 723 1082 784 abso·

77 809 138 869 lutis
161 811 198 870 ad
220 811 409 887 propositum
436 811 514 871 redit
536 813 707 888 tractatque
736 812 806 871 anni
834 811 967 889 initium,
995 832 1081 870 num-

77 917 131 958 mos
153 918 170 957 a
191 899 293 959 Numa
321 899 428 976 dictos,
455 901 583 979 regiam,
610 900 785 976 pontificum
809 901 942 961 ordinem
967 901 1004 960 ab
1028 902 1082 961 illo

77 986 233 1064 inventurn,
261 1007 388 1065 cumque
415 988 447 1047 id
475 1008 594 1066 quoque
622 989 778 1049 Laurentii
804 991 961 1066 proprium
988 989 1082 1050 fuisse

79 1075 201 1153 sciamus,
228 1079 265 1136 ut
286 1077 340 1136 ubi
366 1078 498 1154 primum
519 1097 633 1139 morem
656 1079 788 1155 aliquem
817 1079 854 1139 ab
880 1079 1013 1157 antiquis
1036 1081 1081 1139 irr-

79 1165 207 1224 stitutum
230 1165 349 1244 attigit,
375 1166 457 1227 illius
485 1167 550 1226 fata
572 1185 665 1244 usque
694 1168 733 1226 ad
760 1185 815 1227 sua
842 1172 979 1228 narraret
1005 1172 1081 1228 tem-

79 1271 203 1328 pora-
227 1254 329 1314 videas
352 1256 457 1333 velim,
482 1257 628 1332 quomodo
652 1255 670 1332 ξ
692 1258 732 1315 12
758 1255 869 1316 circum
892 1258 1084 1333 descripserit

80 1344 103 1398 et
124 1341 224 1420 Circes,
248 1343 327 1402 Solis
349 1343 438 1419 filiae,
462 1347 493 1404 et
515 1345 616 1405 Severi
639 1345 827 1421 imperatoris
848 1377 890 1387 -
909 1365 969 1406 non
991 1347 1081 1405 mira-

79 1429 177 1508 bimur,
206 1433 286 1509 quod
316 1434 451 1509 sequenti
480 1434 669 1512 paragrapho
698 1434 783 1494 nobis
812 1435 930 1494 obviam
957 1435 993 1493 fit
1018 1435 1081 1494 Ha·

80 1518 199 1580 drianus:
226 1521 313 1580 illum
335 1523 415 1582 enirn
439 1517 632 1583 ‘Graecorum
654 1542 749 1598 more,
778 1541 829 1582 seu
852 1523 994 1600 Pompilii
1016 1525 1081 1582 Nu·

80 1627 147 1684 mae,
181 1611 375 1671 caerimonias
411 1612 493 1690 leges
525 1612 681 1689 gymnasia
718 1604 930 1688 doctoresque'
962 1631 1082 1671 curasse

81 1691 154 1776 (Aur.
172 1699 249 1759 Vict.
271 1699 353 1760 Gaea.
376 1701 455 1777 XIV,
482 1693 515 1781 1)
547 1704 577 1760 et
607 1701 705 1761 officia
734 1701 855 1777 publica
885 1704 916 1760 et
944 1700 1082 1777 palatina

80 1805 124 1846 neo
144 1807 202 1848 non
229 1789 356 1849 militiae
379 1789 411 1848 in
434 1808 500 1848 earn
527 1790 654 1849 formam
676 1790 824 1868 redegisse
853 1788 975 1866 scimus,
1004 1809 1082 1866 quae

78 1877 168 1949 paucis
185 1897 240 1954 per
259 1877 488 1938 Constantinum
505 1877 671 1938 immutatis
690 1878 729 1937 ad
744 1879 982 1955 Byzantinorum
1001 1879 1081 1955 quod

78 1981 202 2026 vocamus
235 1985 343 2027 aarum
374 1967 585 2043 perseverabat
612 1959 698 2048 (Aur.
717 1967 796 2026 Vict.
821 1967 891 2043 epit.
912 1967 992 2042 XIV,
1013 1960 1079 2048 11).

79 2051 109 2110 ab
124 2053 274 2114 Hadriano
298 2055 392 2133 igitur
414 2074 499 2115 saora
522 2057 677 2132 quaedam,
702 2075 779 2131 quae
796 2055 954 2115 invenerat
971 2055 1081 2130 Numa,

78 2140 161 2204 denuo
182 2143 353 2204 instaurata
376 2163 439 2204 esse
462 2148 637 2204 narraverat
660 2144 853 2220 Laurentius,
880 2147 975 2220 utque
998 2144 1080 2203 illius

78 2233 305 2293 commemoratio
339 2252 429 2294 causa
461 2234 522 2294 fuit
553 2233 769 2294 afferendorum
796 2233 1080 2308 Hierosolymorum,

78 2321 223 2394 quasillis
246 2323 431 2398 temporibus
450 2322 538 2382 Aelia
556 2322 750 2398 vocabantur,
774 2322 816 2381 sic
839 2320 858 2398 ξ
880 2325 919 2382 19
939 2321 1081 2398 Hypatae

76 2409 146 2470 urbis
168 2431 277 2471 nomen
303 2410 446 2470 laudatur
473 2415 579 2488 postea
605 2415 764 2471 mutatum.
810 2411 1008 2488 paragraphis
1032 2411 1081 2468 de-

75 2493 134 2556 inde
156 2518 232 2575 quae
256 2503 396 2559 secuntur
419 2503 548 2561 20-22
573 2503 757 2575 tractantur,
785 2519 862 2575 quae
885 2500 986 2558 Numa
1014 2517 1087 2559 san·-

76 2587 154 2647 rerit:
179 2591 221 2648 20
244 2589 420 2665 pontificum
442 2590 639 2649 maximorum
656 2590 807 2663 vestitum,
832 2591 870 2646 21
892 2589 1010 2666 regium
1027 2589 1080 2648 ha·

77 2672 171 2753 bitum,
197 2679 237 2735 22
256 2677 474 2754 imperatorum
492 2679 579 2756 signa
599 2677 747 2737 describit.
790 2675 808 2753 ξ
830 2679 959 2736 23--25
984 2678 1082 2736 latina

79 2765 214 2837 quaedam
231 2766 472 2842 interpretantur
488 2767 647 2827 vocabula:
670 2767 830 2845 privilegia
849 2766 922 2843 quid
940 2767 1013 2842 sint,
1032 2767 1082 2825 de·

79 2854 136 2910 carri
153 2854 225 2930 quid
244 2857 276 2914 et
290 2849 419 2915 ‘accede'
434 2857 508 2932 quid
526 2855 686 2934 significet3
708 2858 774 2914 tum
788 2856 965 2915 describitur
983 2858 1082 2915 status

78 2941 263 3018 reipublicae
279 2963 297 3004 a
315 2945 488 3005 Domitiano
505 2945 693 3005 Diocletiano
713 2943 908 3004 Constantino
926 2945 1017 3020 paulo
1036 2944 1081 3001 in·

78 3035 191 3092 novatus
207 3025 241 3114 (ᾗ
253 3035 304 3092 26.
316 3026 381 3115 27),
395 3035 553 3110 praecipue
569 3037 716 3110 quantum
730 3034 768 3092 ed
777 3033 907 3092 militurn
922 3051 1082 3090 numerum

80 3120 188 3196 attinet,
215 3142 342 3198 quorum
368 3123 480 3182 indices
507 3123 770 3183 vetustissimi-
795 3140 813 3180 a
839 3121 941 3180 Numa
968 3120 1082 3179 scilieet

81 3209 193 3269 confecti
216 3244 258 3253 —
282 3210 386 3287 quales
414 3212 565 3287 quondam
593 3211 708 3271 fuerint
729 3212 869 3270 narratur
890 3209 1081 3286 paragrapho

83 3294 124 3370 28,
149 3299 224 3358 unde
251 3301 381 3360 decurrit
403 3303 507 3360 auctor
534 3301 573 3359 ad
599 3299 755 3359 historiam
784 3300 904 3358 chartae
932 3301 962 3356 et
988 3317 1081 3358 mem-

82 3379 177 3446 branae
199 3389 302 3464 paucis
327 3389 542 3448 delineandam.
589 3408 665 3465 quae
689 3407 759 3448 vero
783 3390 922 3446 secuntur
944 3387 1014 3447 hino
1032 3407 1082 3446 us-

83 3487 131 3544 que
152 3477 188 3534 ad
209 3476 299 3536 finem
320 3478 389 3537 libri
412 3478 594 3556 paragraphi
619 3471 652 3559 (ξ
672 3473 826 3554 ast-41),
851 3495 952 3536 omnes
977 3478 1081 3538 eodem

82 3562 155 3623 modo
178 3568 309 3626 tractant
331 3567 380 3626 vel
402 3570 537 3627 veterum
560 3567 700 3626 instituta
718 3565 848 3643 publiea,
871 3566 1081 3628 historicorum
