2556 3996
481 201 590 256 11311
608 201 729 254 ALTER
1070 203 1112 266 27

101 390 195 450 νημα.
231 362 412 431 καὶπολλὰ
431 367 474 430 άν
491 388 541 444 τις
564 370 652 431 εἰποι
672 362 748 450 περὶ
766 375 825 449 τῆς
842 363 912 430 κατ’
936 371 1097 450 αἴσθησιν
1111 377 1168 430 XY

98 474 244 560 τριάδος,
266 470 323 537 καὶ
346 473 365 538 ὁ
388 473 518 557 σύμπας
541 475 663 556 κόσμος
687 470 723 537 ἐκ
740 483 844 558 τριῶν
862 474 1038 557 δυνάμεων
1056 490 1115 537 συ-

97 589 218 664 στῆναι
242 577 385 662 λέγεται,
418 578 639 665 ἀριθμητικῆς
670 588 890 664 γεωμετρικῆς
919 578 1114 666 ἁρμονικῆς·

96 687 116 770 ἡ
136 689 201 772 γὰρ
220 687 322 770 νοητῆ
340 685 545 772 ὑπερβέβηκε
562 687 624 769 τῆν
637 695 812 770 παροῦσαν
830 684 986 764 ἐξέτασιν.
1018 692 1114 770 ἰσμεν

97 794 172 878 γάρ,
198 793 249 858 ότι
271 792 291 876 ῆ
315 794 408 878 τριὰς
431 794 493 876 τῆν
515 805 583 858 τῶν
604 796 711 858 θείων
733 793 882 880 πρόοδον
905 791 1035 876 ἐκίνησε
1058 791 1113 858 καί
1141 818 1154 856 5

98 900 216 965 στάσιν
239 899 353 977 αὐτοῖς
380 901 441 983 τῆν
468 900 607 966 αἰώνιον
635 899 857 986 ἀπειργάσατο
886 899 923 965 ἐν
950 909 996 988 τῷ
1024 900 1113 988 αὐτῷ

97 1007 195 1089 είδει,
223 1007 268 1083 ὥς
291 1024 394 1092 φησιν
417 1007 435 1073 ὁ
460 1009 696 1092 Πυθαγόρειος
709 1006 870 1084 Ὢκελλος
894 1008 1016 1094 ῥήμασι
1037 1008 1114 1075 τού-

95 1133 180 1191 τοις·
205 1112 242 1196 (ῆ
264 1115 358 1199 τριάς
379 1115 493 1200 πρώτη
517 1112 719 1198 συνέστησεν
739 1114 856 1200 άρχῆν,
879 1118 1040 1199 μεσότητα
1057 1112 1112 1180 καί

94 1220 276 1303 τελευτῆν.’
320 1219 340 1303 ῆ
364 1222 428 1305 γάρ
451 1221 586 1305 περιττῆ
614 1219 669 1285 καί
691 1226 896 1307 περαίνουσα
922 1223 1033 1306 ἰσότης
1056 1223 1113 1306 δη-

95 1329 258 1412 μιουργός
291 1325 360 1392 ἐστι
386 1328 469 1392 κατὰ
495 1328 557 1410 τῆν
589 1329 798 1413 τετράγωνον
831 1329 948 1414 φύσιν·
981 1330 1018 1394 τὸ
1049 1331 1112 1414 γὰρ
1127 1351 1153 1389 10

94 1442 196 1500 θεῖον
214 1430 303 1519 τρισὶ
322 1434 452 1510 τούτοις
471 1438 750 1520 χαρακτηρίζεται,
773 1443 819 1523 τῷ
839 1434 956 1524 ε’φετῷ,
979 1443 1025 1523 τῷ
1045 1436 1112 1502 ἰκα-

93 1550 155 1629 νςό,
178 1548 225 1630 τῷ
247 1544 369 1628 τελείῳ.
407 1543 455 1606 ἔτι
478 1542 545 1625 μῆν
566 1538 663 1607 καὶὸ
688 1540 725 1607 ἐν
750 1543 887 1631 Φαίδρφ
911 1543 1101 1628 Σωκράτης,
1116 1552 1165 1605 YS

93 1647 181 1714 άλλά
204 1648 270 1731 μην
293 1644 348 1711 καί
372 1646 389 1712 ὁ
410 1645 447 1711 ἐν
466 1650 627 1732 Πολιτεία
644 1649 887 1734 παραδίδωσιν,
910 1649 1018 1713 ὅτιτὸ
1036 1672 1112 1732 νοη-

92 1755 156 1819 τὸν
178 1757 296 1839 τρίτην
318 1755 394 1818 τινὰ
418 1755 524 1838 φύσιν
547 1753 653 1843 ἐντῷ
678 1757 762 1842 θείῳ
785 1758 927 1820 τίθεται·
955 1756 1111 1841 ἔστιγὰρ

93 1861 201 1926 αὐτοῦ
223 1861 261 1925 τὸ
285 1855 347 1944 μὲν
370 1858 553 1945 ἀκρότατον
576 1861 684 1945 οὐσία,
712 1860 749 1924 τὸ
774 1857 811 1925 δί
839 1859 942 1946 μέσον
969 1865 1047 1947 ζωή,
1074 1863 1111 1927 τὸ
1127 1883 1152 1923 15

93 1964 133 2034 δὲ
157 1970 297 2053 ἔσχατον
323 1976 414 2044 νοῦς.
460 1965 529 2033 ἄλλ’
554 1973 633 2043 ίσως
661 1966 729 2054 ἐρεῖ
755 1988 819 2045 τις·
850 1971 930 2032 ποία
952 1972 1112 2033 κοινωνία

92 2085 166 2152 τοῖς
185 2077 360 2158 αἰσθητοῖς
377 2075 461 2160 πρὸς
480 2075 542 2157 τὴν
559 2077 684 2159 νοητὴν
702 2076 835 2161 τριάδας
856 2073 966 2140 ἰστέον
984 2079 1112 2158 τοίνυν,

93 2183 148 2248 ὅτι
171 2192 260 2266 τρελς
282 2183 420 2267 τριάδας
447 2181 465 2247 ὁ
494 2185 630 2266 Τίμαιος
656 2183 880 2268 παραδίδωσι,
908 2180 964 2247 καί
986 2184 1112 2267 μάρτυς

92 2289 111 2354 ὁ
138 2291 294 2373 Πρόκλος
318 2288 355 2354 ἐν
381 2289 594 2354 ὑποτυπώσει
619 2298 678 2372 τῆς
701 2291 883 2366 Πλάτωνος
911 2293 1112 2374 φιλοσοφίας

92 2396 251 2480 φάσκων,
290 2395 341 2459 ὅτι
375 2395 396 2479 ῆ
430 2406 498 2461 τῶν
532 2406 662 2479 νοητῶν
701 2395 856 2480 ἀκρότης,
895 2397 988 2480 τριάς
1026 2391 1111 2460 οὖσα
1125 2419 1150 2458 ω

92 2503 216 2585 νοητῆ,
247 2498 302 2566 καί
334 2503 439 2586 μονάς
461 2502 565 2568 ἐστιν·
597 2499 673 2578 ἕνδις
704 2503 767 2587 γάρ
800 2502 979 2586 τυγχάνειν
1011 2503 1112 2567 δύνα-

92 2633 160 2692 ται,
184 2607 221 2673 ἐν
244 2605 344 2694 ἑαυτῆ
367 2609 429 2691 τῆν
450 2619 567 2674 πασῶν
590 2609 766 2691 δυνάμεων
789 2610 900 2674 αἰτίαν
918 2610 1039 2693 ἔχουσα
1056 2607 1112 2673 καί

167 2801 194 2836 v.
207 2788 221 2836 7
232 2781 358 2837 Mullach
369 2782 423 2837 hoc
436 2781 627 2853 fragmentum
641 2781 764 2837 Caecilio
780 2781 920 2836 adtribuit
934 2781 1032 2836 FPhG
1041 2782 1067 2836 Π
1077 2788 1110 2836 53

94 2861 129 2909 12
148 2853 232 2908 Plato
250 2854 369 2908 Phaedr.
389 2872 416 2923 p.
432 2856 518 2909 246Α
592 2860 626 2908 13
644 2855 727 2924 Resp.
746 2872 773 2923 p.
789 2853 876 2906 511A

167 3033 194 3068 v.
211 3019 224 3066 1
244 3015 293 3069 καί
311 3013 399 3068 πολλὰ
414 3046 450 3054 -
465 3021 481 3066 2
495 3013 610 3082 τριάδος
629 3014 731 3068 desunt
749 3014 778 3067 Y
857 3018 873 3064 3
892 3011 1000 3083 λέγεται
1013 3021 1111 3082 συστῆ-

92 3106 144 3141 ναι
163 3086 195 3138 Χ
278 3082 500 3156 4δπερβέβληκε
525 3087 554 3139 Υ
627 3093 642 3140 6
662 3081 782 3139 αἰωνίαν
800 3084 830 3136 D
855 3086 859 3154 Ι
884 3093 922 3138 τῶ
941 3083 1056 3138 ἀκτωίδι
1075 3085 1110 3152 A,

92 3167 134 3212 τῶ
146 3157 223 3210 ἀκτω
241 3154 282 3211 ἰδι
295 3157 332 3225 Β,
351 3165 389 3210 τῶ
403 3157 479 3211 αότῶ
497 3155 567 3211 είδει
581 3158 610 3211 Υ
661 3161 676 3208 7
696 3153 815 3218 κεκίλιος
829 3155 844 3209 ὁ
858 3152 1050 3225 πυθαγόρειος
1069 3155 1109 3226 Υλ

93 3228 207 3290 δκελλος
224 3177 240 3282 δ
258 3226 450 3298 πυθαγόρειος
467 3228 503 3297 A,
522 3226 538 3282 ὁ
556 3225 747 3298 πυθαγόρειος
768 3225 884 3288 ι’ίκελλος
902 3227 930 3279 Β
964 3296 970 3306 ¹
1011 3231 1027 3279 8
1047 3243 1111 3280 συν·

92 3297 210 3368 ἕστηκεν
228 3300 256 3353 Β
281 3301 285 3369 Ι
314 3300 362 3354 καί
382 3299 459 3353 omis.
497 3301 529 3352 X
605 3306 638 3352 12
656 3295 757 3371 τελείῳ.
789 3297 900 3366 reliqua
922 3297 1005 3349 hmus
1028 3313 1111 3366 para-

92 3369 198 3441 graphi
221 3369 418 3424 desiderantur
435 3372 467 3425 X
486 3374 490 3440 Ι
511 3368 554 3425 ότι
574 3369 588 3426 ὁ
607 3370 639 3426 ἐν
658 3367 771 3438 Φαίδρα
786 3401 818 3409 -
833 3386 860 3438 p.
877 3374 950 3436 28,2
969 3365 1111 3438 περιέχον-

91 3441 184 3496 ται8
267 3447 300 3495 13
322 3442 354 3497 τὸ
378 3441 456 3496 omis.
479 3443 517 3495 M
600 3449 634 3495 14
660 3425 772 3509 τριττῆν
800 3441 837 3493 Μ
855 3440 859 3513 Ι
880 3439 936 3493 ἔστι
963 3437 1029 3510 γάρ]
1056 3438 1111 3493 ἔστι

92 3511 145 3582 μέν
164 3513 195 3566 D
277 3519 310 3567 16
330 3511 389 3576 ἀλλ’
411 3512 476 3576 ἴσως
494 3519 577 3568 -18
595 3510 773 3581 παραδίδωσι
792 3511 912 3566 01111σὸ
990 3517 1023 3564 19
1042 3510 1111 3565 πλά-

92 3603 184 3646 τανος
202 3581 304 3652 σοφίας
321 3585 352 3638 F
421 3591 456 3638 20
474 3586 576 3656 νοητόν
593 3585 624 3638 D
