2524 3984
139 173 190 226 XII
555 174 762 229 PRAEFATIO

138 341 288 416 positione
310 360 370 400 non
392 342 454 400 iarn
476 343 637 402 secundum
659 343 792 420 singulas
814 343 931 402 litteras
950 343 1040 411 faeta,
1062 343 1154 404 immo

138 433 173 488 ut
195 448 242 488 res
265 430 380 490 ferebat
401 431 446 489 ite
468 431 621 508 instituta,
653 435 688 491 ut
714 432 824 510 singuli
852 447 883 490 sc
906 432 1156 508 subsequerentur

138 521 286 578 tractatus
309 523 363 578 aut
386 520 489 579 eodem
512 521 628 595 ordine,
655 541 714 597 quo
737 521 769 579 in
793 540 827 580 eo
851 524 971 581 auctore
993 541 1083 598 quem
1106 541 1155 581 ex·

139 608 259 684 scripsit
279 608 434 682 librarius,
462 610 636 684 extiterant,
663 614 717 669 aut
744 611 971 686 disponerentur
994 611 1155 670 secundum

139 716 183 772 ea,
207 716 284 773 quae
305 697 478 757 tractabant
499 702 683 776 argumenta.
730 701 821 776 atque
843 699 1012 776 argumenti
1035 699 1156 775 quidem

139 786 334 845 similitudine
361 788 475 846 factum
507 806 570 846 esse
596 787 778 864 putaverim,
809 790 845 846 ut
870 791 940 865 post
968 788 1102 847 litteram
1124 793 1155 864 ἆ,

139 875 222 934 cuius
248 875 366 951 potiore
395 879 482 951 parte
512 879 651 955 ageretur
676 875 743 956 arpi
774 873 962 957 ἀγαλμάτων,
993 879 1156 953 poneretur

139 965 287 1023 tractatus
300 963 367 1043 περὶ
385 968 506 1042 στηλῶν.
535 985 630 1042 neque
648 985 718 1026 vero
738 985 805 1025 oum
824 986 867 1041 eo,
886 966 914 1024 h.
929 986 953 1025 e.
973 985 1040 1025 cum
1058 967 1154 1026 altero

139 1053 248 1112 codicis
276 1054 304 1110 It
327 1054 438 1129 capite,
475 1053 637 1114 Laurentio
670 1054 834 1131 quidquam
866 1058 924 1113 est:
965 1054 1043 1113 illud
1075 1055 1151 1114 enirn

140 1142 298 1202 oriundum
321 1160 383 1200 esse
403 1163 418 1201 e
441 1142 517 1204 libro
536 1163 624 1220 quern
641 1146 750 1203 vocant
769 1143 970 1223 Παραστάσεις
989 1142 1155 1221 συντόμους

139 1230 277 1309 χρονικάς
300 1230 466 1290 luculenter
484 1231 700 1294 demonstravit
718 1232 889 1292 Theodorus
907 1233 1019 1310 Preger
1036 1233 1068 1291 in
1085 1253 1154 1309 pro-

139 1322 305 1396 grammate
313 1319 462 1397 gymnasii
470 1321 684 1380 Maximilianei
692 1322 877 1381 Monacensis
885 1323 1154 1398 a.1895p.28sqq.

139 1405 293 1486 (Beitriige
316 1429 368 1467 zur
391 1409 634 1487 Textgoschichtc
657 1411 710 1469 der
733 1411 849 1489 Heirpcc
868 1409 1155 1470 Κωνσταντινοοπό-

138 1493 231 1574 λοοκς).
265 1516 299 1556 ex
317 1516 377 1557 uno
396 1499 497 1558 autem
516 1500 677 1577 eodemque
697 1503 817 1559 auctore
836 1499 962 1559 deducta
981 1502 1059 1574 sunt,
1077 1519 1155 1576 quac

138 1586 171 1644 in
194 1586 293 1661 capite
316 1589 399 1646 sexto
420 1587 529 1647 codicis
544 1589 571 1647 R
588 1589 738 1666 legimur,
761 1589 840 1664 quod
858 1607 877 1646 a
894 1588 1017 1648 librario
1037 1608 1053 1647 e
1072 1589 1155 1648 scho-

138 1675 187 1733 liis
211 1674 250 1732 ad
273 1676 411 1751 Dionysii
434 1675 607 1755 Periegetae
631 1682 661 1737 et
679 1677 768 1736 Arati
792 1695 882 1752 opera
905 1677 1062 1753 adscriptis
1086 1697 1155 1737 oon·

139 1767 239 1823 sutum
259 1782 321 1823 esso
335 1765 439 1823 statim
452 1765 528 1824 vidit
542 1767 581 1826 M.
597 1767 683 1843 Trou,
704 1786 796 1842 quaro
809 1766 887 1824 illud
901 1785 1029 1842 quoque,
1048 1769 1154 1842 utpote

140 1853 220 1928 quod
248 1852 286 1911 ad
309 1853 506 1912 Laurentium
534 1875 593 1916 nou
620 1855 782 1932 pertineat,
810 1855 966 1932 neglegere
989 1871 1155 1930 possumus.

205 1941 389 2001 Accedamus
407 1942 470 2000 iam
488 1943 526 2002 ad
544 1948 688 2020 quartum
708 1944 788 2020 quod
811 1943 933 2002 distinxi
952 1946 1052 2019 caput,
1075 1944 1156 2020 quod

140 2031 271 2090 atitulo
298 2029 365 2109 περὶ
392 2031 607 2106 οἰωνοσκοπίας
638 2042 697 2092 τῶν
732 2031 878 2111 Οὐάρνων
908 2032 1039 2108 incipere
1070 2032 1155 2092 iussi.

138 2139 322 2196 quamquam
336 2121 415 2178 enim
427 2120 460 2178 in
469 2115 639 2181 Varnorum
652 2140 748 2182 mores
761 2121 868 2181 incidit
881 2125 986 2181 auctor
999 2121 1061 2180 iarn
1074 2121 1105 2179 in
1118 2141 1156 2180 ea

140 2228 216 2284 quae
248 2210 400 2285 praecedit
431 2212 621 2287 paragrapho
654 2208 721 2289 περὶ
749 2209 883 2289 Βρεττίας
911 2208 1022 2287 νήσου,
1053 2213 1156 2269 tamen

141 2298 308 2374 argumenti
341 2298 535 2358 similitudine
569 2300 720 2376 docemur,
756 2300 925 2359 Varnorum
957 2299 1084 2375 augmia
1116 2299 1156 2358 ad
1260 2343 1261 2350 .

139 2385 296 2462 sequentia
318 2386 419 2462 potius
441 2388 587 2446 trahenda
615 2407 690 2464 esse,
720 2389 752 2446 in
779 2388 887 2464 quibus
915 2407 950 2446 ea
978 2406 1054 2463 quae
1077 2391 1156 2447 trac·

139 2477 222 2533 tatur
243 2474 370 2532 materia
398 2474 455 2533 sibi
483 2480 613 2536 constat:
641 2478 741 2554 agitur
766 2477 879 2535 scilicet
902 2476 937 2534 de
961 2476 1155 2552 divinatione,

141 2562 289 2641 quomodo
312 2563 367 2621 fiat
389 2564 469 2639 apud
492 2565 625 2642 singulos
648 2567 782 2642 populos,
811 2569 842 2624 et
865 2565 901 2623 de
925 2565 1058 2641 ostentis,
1083 2584 1155 2641 qua·

140 2671 210 2710 narn
240 2651 271 2711 vi
303 2651 415 2710 fuerint
441 2652 473 2711 in
505 2653 576 2714 fatis
603 2656 819 2731 imperatorum
846 2656 877 2712 et
902 2673 1080 2731 magnorum
1109 2673 1155 2712 re·

138 2759 267 2818 gnorum
286 2741 497 2802 conditoribus.
539 2746 604 2802 arte
623 2747 725 2802 autem
742 2743 822 2802 inter
845 2761 875 2802 se
894 2743 1067 2802 coniunctas
1091 2761 1155 2802 esse

139 2830 274 2905 singulas
296 2833 397 2906 partes
426 2831 647 2891 demonstratur
674 2832 721 2892 his
748 2833 835 2892 locis:
867 2852 896 2907 p.
921 2833 1002 2907 26,3
1026 2829 1100 2891 κατὰ
1122 2830 1155 2892 τὸ

140 2917 321 2997 μάντευμα
345 2967 351 2979 .
377 2963 384 2978 .
406 2920 605 2998 τετελευτήκει.
629 2955 670 2962 -
698 2942 727 2998 p.
753 2922 833 2997 26,5
858 2918 924 3000 περὶ
945 2919 1155 3000 Κάλχαντος

139 3015 192 3066 τοῦ
224 2999 296 3086 παρ’
314 2999 440 3093 Ὁμήρῳ.
487 3009 700 3088 μνησθήσομαι
732 3005 764 3070 δὲ
795 3006 845 3069 καὶ
875 3005 974 3089 ἕτὲρου
1004 3009 1156 3087 μαντεύ-

139 3118 254 3174 ματος.
280 3129 322 3138 —-
344 3118 374 3173 p.
399 3099 479 3173 28,4
503 3095 570 3179 περὶ
594 3099 716 3178 σημείου
739 3097 789 3158 καὶ
816 3095 932 3178 τέρατος
960 3089 1156 3180 (explanatur
1258 3107 1259 3162 ζ

140 3184 352 3245 Calchantis
376 3180 560 3270 augurium).
580 3221 623 3229 -—
641 3209 670 3264 p.
695 3189 798 3264 28,st
824 3186 1036 3266 μνησθήσομαι
1059 3183 1091 3248 di
1114 3186 1155 3248 ἔτι

139 3283 193 3334 τοῦ
221 3273 254 3334 ἕν
285 3279 325 3358 τῷ
348 3272 467 3360 πέμπτῳ
499 3275 588 3362 λόγῳ
622 3276 797 3357 Προκοπίον
829 3276 1079 3354 μαντεύματος.
1112 3311 1154 3318 -

139 3383 168 3438 p.
198 3366 276 3430 29,1
310 3372 364 3424 τοῦ
401 3362 493 3424 αὐτοῦ
530 3364 636 3445 λόγου
672 3363 738 3447 περὶ
774 3363 1003 3445 παρατηρήσεως
1040 3364 1155 3438 εἰκόνος

139 3444 307 3532 (ostentum
339 3446 513 3536 quoddam).
549 3485 586 3496 -
621 3475 650 3531 p.
679 3456 783 3530 29,14
814 3451 880 3532 περὶ
909 3454 1001 3512 Γαΐου
1029 3446 1154 3514 Ἰουλίου

139 3539 297 3620 Καίσαρος.
345 3540 472 3619 ὅμοιον
494 3546 553 3603 κτλ.
584 3535 696 3625 (simile
729 3539 902 3621 ostentum).
948 3546 1087 3602 secuntur
1120 3562 1155 3602 ea
