2556 3996
147 179 189 244 86
333 155 335 162 ⁴
373 178 482 232 τωωει
501 178 677 244 QUARTUS.
703 179 932 234 ωωωοωιωε

82 352 132 408 XS
146 342 362 427 ὑποστροφῆς
375 343 645 428 παραφυλάττειν
658 343 720 425 τήν
738 343 854 427 φύσιν,
874 342 929 407 καὶ
947 341 991 407 δι’
1015 337 1063 408 ὧν
1080 359 1153 406 συν

147 447 237 531 έστη,
275 447 318 512 δι’
351 448 461 513 αὐτῶν
497 444 599 525 αὖθις
635 447 849 514 ἀναλύεσθαι.
906 451 1152 532 τελευτήσαντος

145 565 231 639 γοῦν
254 554 453 641 ἀνθρώπου,
481 552 535 620 ἐπὶ
558 551 619 640 μὲν
646 563 704 638 τῆς
725 559 837 641 τρίτης
864 555 1057 622 ἀλλοιοῦται
1077 577 1153 620 παν-

146 651 250 739 τελῶς
276 661 331 726 καὶ
361 664 423 746 τήν
454 661 634 746 ἐπίγνωσιν
663 671 722 746 τής
754 664 861 740 ὄψεως
892 664 1090 728 διαπόλλυσι
1119 663 1153 726 τὸ

121 780 254 854 εσώμα·
283 766 336 833 ἐπὶ
360 764 397 832 δὲ
420 777 478 851 τῆς
501 767 638 853 ἐννάτης
662 770 792 855 διαρρεῖ
815 769 962 853 σύμπαν,
991 771 1039 834 ἐτι
1063 771 1124 847 σωζ
1141 808 1154 816 -

146 875 247 960 μένης
266 874 355 962 αὐτῷ
374 884 432 959 τῆς
449 877 599 961 καρδίας·
623 873 677 940 ε’πδ
696 872 733 940 δὲ
751 885 809 960 της
827 885 1088 962 τεσσαρακοστῆς
1104 872 1154 939 καὶ

146 983 229 1066 αὕτη
253 984 501 1048 συναπόλλυται
524 991 570 1070 τῷ
592 986 701 1048 παντί.
739 984 795 1048 διά
815 992 913 1048 τοῦτο
932 987 1049 1068 τρίτην
1067 981 1154 1046 ἐννά-

145 1112 207 1171 την
230 1085 285 1152 καὶ
304 1090 569 1175 τεσσαρακοστήν
587 1087 641 1154 ἐπὶ
659 1101 727 1155 τών
745 1091 957 1173 τεθνηκότων
975 1090 1155 1174 φυλάττου-

146 1211 202 1259 σιν
225 1195 257 1259 ολ
282 1192 486 1277 ἐναγίζοντες
509 1195 633 1280 αὐτοῖς,
656 1206 713 1280 τῆς
735 1194 774 1260 τί
793 1217 873 1260 ποτε
895 1197 1084 1271 συστάσεως
1103 1203 1155 1279 τῆς

108 1328 134 1367 ιο
148 1325 182 1365 τε
205 1299 273 1385 μετ’
297 1299 428 1384 ἐκείνην
451 1300 629 1379 ἐπιδόσεως
651 1301 762 1368 καὶτὸ
784 1303 825 1385 δή
844 1301 946 1388 πέρας
964 1311 1022 1385 τῆς
1041 1301 1155 1368 ἀναλύ-

146 1425 228 1485 σεως
251 1406 574 1492 ἐπιμιμνησκόμενοι.

112 1525 130 1579 S
212 1515 264 1579 27.
279 1511 350 1580 Ὅτι
357 1517 497 1581 Γάλλων
505 1517 768 1601 παραλαβόντων
778 1514 970 1600 τήνῬώμην
983 1516 1003 1581 ὁ
1017 1517 1169 1581 Κά-ΒεΙῖ
1175 1531 1207 1578 22

147 1626 263 1705 μιλλος
287 1625 486 1708 συναγείρας
507 1626 638 1705 πλῆθος
656 1621 787 1707 ἀθρόον
808 1620 958 1705 ἐμπίπτει
976 1633 1048 1699 τοῖς
1065 1626 1156 1687 πολε-

147 1731 247 1813 μίοις·
276 1726 331 1792 καὶ
354 1730 459 1813 μάχης
481 1739 641 1815 κρατερᾶς
663 1728 844 1813 γενομένης
865 1728 1081 1795 κλασθέντων
1104 1728 1158 1793 αὐ-

106 1851 132 1901 ἰτ
146 1845 217 1910 τοῖς
238 1846 305 1899 τῶν
330 1833 437 1919 ξιφῶν
461 1839 525 1901 σὺν
546 1834 601 1901 καὶ
624 1846 694 1912 τοῖς
717 1837 892 1913 ὅπλοις-
913 1837 1004 1901 ούπω
1027 1838 1092 1922 γάρ
1113 1853 1158 1900 σι-

147 1942 262 2026 δηροῖς
286 1940 430 2027 ἐχρῶντο
445 1941 596 2028 Ῥωμαῖοι
617 1941 758 2028 θώραξι,
781 1948 914 2027 χαλκοῖς
938 1939 975 2007 δὲ
998 1944 1080 2007 κατὰ
1103 1943 1160 2026 τήν

146 2049 350 2131 παλαιότητα
372 2049 476 2112 -τὸ
505 2051 624 2114 λοιπὸν
646 2050 694 2125 είς
721 2059 832 2135 χεῖρας
860 2048 974 2114 ἐλθεῖν
997 2047 1107 2115 ἕλκειν
1128 2072 1160 2112 τε

84 2166 133 2220 SX
148 2153 313 2237 ἀλλήλους
336 2157 372 2219 ἐκ
394 2177 430 2218 τε
452 2165 519 2219 τῶν
540 2159 669 2238 λοφιῶν
685 2167 754 2220 τῶν
771 2160 1038 2241 περικεφαλαιών
1056 2155 1111 2220 καὶ
1130 2154 1159 2233 ἐξ

114 2260 259 2327 θαύτών
282 2260 395 2345 με’ντοι
417 2271 484 2327 τών
502 2270 562 2329 τοῦ
580 2263 740 2344 πώγωνος
758 2274 894 2348 τριχῶν·
917 2261 1011 2338 τέλος
1029 2258 1067 2327 δὲ
1085 2264 1161 2338 τοὺς

108 2397 135 2436 ιο
148 2369 340 2454 βαρβάρους
362 2367 508 2451 ἀπήλασε
530 2367 586 2433 καὶ
601 2367 726 2452 Ῥώμην
749 2368 911 2454 ἐρρύσατο
934 2367 989 2433 καὶ
1008 2369 1162 2454 δεύτερος

143 2471 306 2557 Ῥωμύλος
325 2475 515 2559 ὠνομάσθη.
551 2473 606 2539 καὶ
621 2473 726 2551 οὕτως
740 2475 930 2561 ἀποκείρειν
947 2499 982 2541 τε
1000 2477 1079 2552 τοὺς
1097 2477 1161 2540 πώ-

147 2604 257 2663 γωνας
270 2579 319 2645 ἐπ’
335 2584 439 2668 ἀκρον
453 2579 511 2646 καὶ
523 2583 682 2667 σιδηροῦς
695 2583 774 2658 τοὺς
792 2583 949 2668 θώρακας
965 2582 1163 2648 κατασκευά-

147 2691 215 2766 ζειν
229 2685 380 2752 τέτακται
398 2687 453 2752 καὶ
472 2689 553 2752 ἀνευ
572 2693 702 2772 λοφεῖον
719 2689 778 2764 τάς
794 2692 1053 2774 περικεφαλαίας
1069 2692 1161 2774 ἔχειν.

39 2806 190 2862 XOedren.
210 2793 262 2858 28.
380 2793 417 2859 ἐν
444 2803 483 2880 τῇ
511 2796 596 2880 πρὸς
619 2796 726 2878 δῆμον
754 2794 911 2880 ὀρατίωνι
935 2795 1039 2861 οῖονεὶ
1062 2814 1162 2882 προσ·
1178 2807 1206 2857 23

218 3004 243 3040 v.
260 2992 275 3039 3
294 2985 347 3057 γὰρ
363 2987 391 3055 S,
409 2988 524 3057 γούνΧ
591 2987 796 3042 5ἐτιοωὶε.8
863 2986 1161 3058 λπαντλκαὶδιδιδή

147 3055 226 3183 ’ἀνα
240 3059 290 3183 ’Τί
304 3057 407 3183 ἔνωίὲ
421 3056 985 3202 ’2⁰⁶²6}22{}⁰“Z⁹5'fi5;0{⁰²3ss1‘3⁰²3”(³2
1027 3062 1165 3184 Βοὲἶῗνά

147 3148 472 3270 ἀΙτίέίιιμιμνησκύμένόύ
483 3202 510 3254 Β
569 3151 617 3254 ς12
637 3200 651 3255 δ
668 3152 799 3269 κάμιλλδς
812 3172 913 3268 ώριδεν
926 3137 1088 3269 ἀποάἐίρειν
1101 3173 1165 3262 τοὺς

147 3273 284 3343 πώγωνας
299 3270 343 3326 ἐπ’
361 3272 459 3340 ἀκρον,
478 3272 514 3334 ὡς
532 3271 569 3342 μὴ
589 3271 758 3340 δράττεσθαι
772 3272 865 3326 αὐτῶν
879 3272 944 3334 τοὺς
958 3269 1104 3335 ἐναντίους
1118 3270 1165 3327 διδι

147 3343 198 3412 τὴν
213 3345 357 3415 συμβᾶσαν
368 3341 504 3412 πρότερον
519 3342 619 3414 μάχην,
634 3343 664 3398 ἐν
678 3338 696 3409 ἡ
710 3341 801 3398 εἷλκον
812 3341 945 3410 ἀλλήλους
954 3345 1009 3414 (18)
1018 3375 1051 3383 -
1061 3350 1095 3397 19
1108 3364 1165 3413 τρι-

166 3424 205 3469 ῶν
224 3415 256 3468 Χ
325 3419 389 3481 §28
408 3417 521 3483 praeter
539 3415 571 3468 X
592 3414 680 3468 habet
698 3413 813 3468 Gedren.
832 3413 898 3468 hist.
918 3430 980 3467 com
1001 3457 1006 3467 .
1025 3433 1053 3484 p.
1069 3419 1165 3485 296‚9

148 3435 237 3539 δοται,
293 3491 326 3539 25
347 3483 473 3553 όρατίονι
486 3487 518 3539 Χ
532 3489 536 3554 Ι
552 3485 583 3541 ἐν
596 3493 629 3556 τῇ
644 3517 678 3526 -
692 3483 899 3557 προοφωνήσει]
915 3432 1034 3554 όρατδων
1048 3486 1066 3555 ἡ
1081 3503 1165 3555 προσ-

150 3558 274 3625 φώνησις
291 3559 357 3626 post
376 3555 450 3611 ἐστὶν
467 3574 494 3626 p.
512 3561 554 3625 8ῖ,
570 3562 583 3609 1
604 3555 743 3611 οολλοοελο
761 3555 876 3610 exhibet
894 3556 1008 3611 Cedren.
