2524 3984
493 205 698 262 PRAEFATIO
1023 206 1101 261 XXV

37 415 38 454 3
95 393 175 452 aegre
205 392 413 453 agnoscamus,
450 373 560 433 nedum
593 374 741 434 affirmare
773 375 935 451 possimus,
969 393 1100 452 quanam

94 464 218 524 codicum
245 464 414 523 recensione
442 481 515 522 usus
543 463 583 523 sit
609 463 758 523 librarius.
804 465 866 523 tale
895 463 969 540 quid
991 464 1101 524 accidit

36 549 37 558 ’
95 552 233 613 incedice
252 552 431 612 Vaticano
455 570 583 629 graeco
609 555 648 611 11
674 553 831 612 chartaceo
850 571 872 612 s.
891 552 998 612 XIHf.
1015 554 1100 628 105¹,

35 705 36 720 χ
94 641 140 700 ubi
161 641 278 701 brevem
300 640 450 718 quendam
472 642 636 701 tractatum
658 641 786 719 legimus
814 640 865 702 τὸν
888 649 969 719 μῆνα
992 641 1023 701 οἱ
1043 661 1100 701 πα-

93 727 161 791 tasct
186 729 228 803 εἰς
254 729 321 810 τρία
343 724 468 815 διῄρουν
495 733 567 804 arta
602 730 758 806 descripsit
784 730 838 790 hos
866 749 969 790 versus
992 730 1098 790 Vati·

92 837 191 879 canus
224 823 412 897 graecus9
442 838 464 878 s.
487 818 677 877 XIV—XV
703 819 723 877 f.
749 821 843 896 ³06¹3
872 819 962 878 simili
996 823 1099 879 autem

93 909 169 968 modo
192 909 270 968 alius
292 908 339 968 vir
362 908 467 968 doctus
490 907 627 983 Lydiaua
649 908 749 984 verba,
773 908 880 984 quibus
904 909 1050 968 mensium
1069 913 1099 970 et

91 996 187 1057 bisexti
222 999 382 1073 computus
413 997 634 1072 illustrabatur,
666 997 698 1055 in
730 1014 819 1056 usum
856 1015 944 1056 suum
971 998 1099 1057 conexit

93 1085 210 1148 f.196'
232 1085 342 1147 codicis
365 1085 536 1145 Vaticani
560 1085 683 1162 graeci
705 1087 768 1145 926
793 1086 943 1147 chartacei
962 1105 983 1145 s.
997 1087 1061 1145 XV.

150 1175 326 1251 Saepissime
357 1177 459 1234 autem
491 1193 507 1233 e
534 1173 737 1234 Laurentiano
768 1174 845 1234 libro
878 1175 913 1234 de
945 1175 1097 1236 mensibus
1121 1186 1238 1250 reserares

91 1264 213 1323 mutuati
236 1265 308 1323 sunt
329 1264 528 1323 recentiorum
551 1262 686 1323 codicum
708 1263 824 1323 librarii
848 1284 924 1340 eum,
953 1265 1006 1340 qui
1027 1264 1098 1323 libri
1139 1239 1231 1288 ΒΜ

93 1353 183 1427 quarti
199 1352 391 1430 paragrapho
409 1352 555 1429 vigesima
573 1354 657 1411 sexta
678 1352 856 1429 continetur,
878 1355 1044 1413 tractatum
1062 1353 1098 1412 de

92 1442 272 1518 generatione
294 1441 423 1501 hominis
446 1443 477 1500 et
500 1440 536 1500 de
564 1441 668 1501 diebus
696 1443 883 1501 mortuorum
910 1443 1016 1518 sacris,
1044 1443 1098 1519 qui

91 1532 154 1588 sunt
172 1533 242 1607 post
264 1532 391 1590 mortem
413 1529 521 1589 tertius
542 1548 638 1589 nonus
658 1531 913 1608 quadragesimus.
951 1533 1043 1607 atque
1061 1530 1097 1590 de

92 1617 196 1679 duabus
221 1618 344 1696 quidem
365 1619 473 1678 talium
500 1619 635 1679 codicum
661 1619 882 1679 accensionibus
915 1620 1011 1679 fusius
1035 1621 1098 1697 egit

93 1704 120 1765 Ο.
139 1708 341 1768 Krumbaoher
369 1700 509 1788 (Studien
541 1728 578 1767 au
609 1707 667 1766 den
693 1708 852 1788 Legenden
884 1707 935 1768 des
966 1708 1098 1785 heiligen

92 1795 272 1873 theodosius,
292 1797 362 1856 Sita.
376 1797 444 1856 Ber.
463 1796 516 1855 der
530 1797 648 1856 Miinoh.
663 1797 759 1856 Akad.
776 1794 884 1876 1892),
903 1798 955 1874 qui
974 1798 1097 1857 alterius

92 1883 288 1964 duodeviginti
316 1885 430 1945 codices
458 1888 615 1945 enumerat
636 1906 666 1962 p.
691 1888 769 1962 343,
801 1887 926 1946 alterius
954 1890 1098 1963 quattuor

92 1991 116 2048 p.
137 1976 205 2036 350.
261 1974 409 2035 codicibus
447 1977 548 2034 autom
583 1975 691 2051 prioris
727 1975 843 2052 generis
876 1975 949 2035 duos
982 1975 1098 2035 addidit

93 2059 244 2140 avitani,
268 2063 355 2123 Studi
373 2063 493 2123 italiani
512 2063 542 2122 di
560 2063 694 2140 filologia
712 2063 743 2121 II
760 2084 789 2139 p.
806 2064 882 2123 138:
906 2064 1096 2123 Baroccia·

92 2169 163 2211 uum
186 2155 248 2213 173
272 2153 294 2211 f.
314 2153 388 2229 351,
410 2152 611 2213 Patriarch.
634 2151 729 2211 Hier.
755 2155 816 2212 281
844 2148 958 2230 (1547)
981 2152 1002 2210 f.
1024 2154 1096 2228 199,

90 2241 184 2314 quinto
213 2260 284 2302 vero
325 2240 486 2300 eorundem
527 2241 700 2301 Studiorum
738 2242 888 2301 volumine
927 2261 956 2317 p.
987 2243 1051 2302 100
1079 2260 1097 2300 a

92 2326 232 2408 Rostagno
261 2330 391 2390 codicem
418 2330 704 2390 Laurentianum
726 2329 778 2406 IV,
791 2333 833 2390 10
855 2329 1024 2389 accuratius
1047 2329 1096 2389 de·

89 2419 224 2495 scriptum
256 2437 319 2479 esse
351 2418 439 2479 modo
476 2419 616 2494 diximus3
653 2419 717 2495 ipse
748 2420 868 2495 praeter
900 2437 949 2478 eos
981 2419 1097 2495 inspexi

91 2503 288 2568 Parisinum
315 2527 481 2587 graecum
505 2510 590 2568 2229
615 2508 805 2567 chartaceum
828 2527 849 2567 s.
868 2507 942 2566 xm
964 2507 985 2567 f.
1001 2510 1041 2567 22
1066 2510 1097 2567 et

91 2591 295 2658 Vaticanum
307 2596 517 2657 Palatinum
531 2615 697 2676 graecum
713 2599 774 2658 209
791 2597 981 2657 chartaceum
995 2596 1096 2656 s.XIV

89 2681 212 2762 t263'3
236 2705 363 2762 quorum
385 2686 520 2745 omnium
542 2685 679 2746 codicum
701 2686 797 2745 instar
818 2689 853 2745 ut
875 2685 1095 2762 praestantissi-

89 2790 161 2833 mum
192 2775 256 2834 eius
288 2775 467 2836 recensionis
499 2775 651 2850 exemplar
682 2777 728 2833 est
749 2775 788 2850 R,
816 2793 916 2851 aquo
948 2777 1095 2834 tractatus

88 2859 147 2940 capt
167 2861 308 2944 γενέσεως
326 2860 490 2943 ἀνθρώπου
513 2862 669 2922 exhibetur
691 2883 720 2939 p.
739 2865 820 2938 41,1
842 2863 933 2922 iheu:
958 2863 1095 2923 accedere

87 2948 164 3011 illum
187 2972 278 3029 quam
301 2952 433 3028 proxime
457 2952 495 3011 ad
518 2951 714 3011 Laurentium
736 2954 767 3010 et
786 2952 867 3011 illius
885 2952 977 3012 verba
991 2952 1096 3028 pleris-

86 3057 138 3114 que
159 3042 231 3102 locis
254 3042 433 3100 intemerata
455 3040 618 3099 reddidisse
642 3059 732 3117 supra
762 3041 902 3116 diximus,
930 3041 988 3099 nisi
1016 3039 1097 3116 quod

87 3126 115 3186 in
142 3129 321 3190 excludendo
351 3130 505 3189 enuntiato
534 3127 593 3189 ἔστι
620 3125 652 3189 δὲ
680 3129 791 3208 βοτάνη
817 3161 854 3171 -
879 3127 1017 3208 τριόβολα
1044 3147 1097 3187 our

86 3219 262 3279 consentiam
286 3238 353 3278 cum
374 3217 595 3278 Krumbachero
618 3217 698 3277 infra
721 3237 787 3277 sum
810 3219 1005 3294 expositurus.

146 3309 317 3385 Exscriptos
351 3311 451 3367 autem
482 3308 570 3366 huius
598 3307 714 3386 generis
743 3308 857 3368 codices
889 3325 952 3366 asse
980 3325 1016 3364 ex
1042 3305 1095 3363 illa

87 3391 215 3470 Lydiana
238 3397 427 3474 paragrapho
455 3396 622 3456 incidenter
648 3395 864 3456 demonstravit
891 3396 925 3453 R.
949 3395 1095 3470 Foerster,

88 3481 182 3545 Jahrb.
205 3486 225 3546 f.
248 3487 356 3546 Philol.
382 3478 580 3567 11³¹(1876)
600 3505 628 3560 p.
650 3487 714 3545 217
733 3504 790 3562 sq.3
814 3503 909 3561 neque
933 3486 1018 3560 esset,
1043 3502 1096 3542 cur

88 3572 167 3647 plura
184 3575 220 3635 de
238 3575 295 3634 hoc
317 3577 457 3651 tractatu,
482 3574 534 3651 qui
552 3573 643 3632 medii
663 3574 729 3634 aeui
747 3573 916 3632 hominibus
936 3572 1096 3632 admodum
