2524 3984
174 189 289 244 LXXIV
581 189 786 245 PRAEFATIO

175 361 279 434 cerpta
305 358 359 416 illa
387 358 601 434 distribuerim,
629 359 719 418 semel
747 358 913 432 iterumque
941 358 1057 417 monui:
1085 357 1192 433 quibus

174 446 319 506 hocloco
343 446 511 506 addendum
539 450 597 522 est,
624 465 678 523 pro
706 447 900 506 fundamento
929 465 997 504 eum
1023 445 1192 505 habendum

175 554 239 594 esse
263 535 499 613 fragmentorum
522 537 664 610 ordinem,
688 536 740 612 qui
761 555 779 595 a
797 534 948 595 codicibus
967 535 1146 594 recensionis
1165 535 1192 592 X

174 624 314 700 traditur,
343 626 453 701 quippe
483 643 556 700 quos
579 626 713 700 proxime
741 624 780 683 ad
801 625 895 700 ipsius
918 622 1074 683 Laurentii
1101 623 1192 683 verba

175 714 315 773 accedere
337 714 399 772 iam
422 732 456 771 eo
480 714 647 787 doceamur,
670 712 750 789 quod
772 714 828 772 soli
847 713 1032 790 singulorum
1049 712 1192 771 librorum

176 802 398 862 distinctionem
421 802 606 862 servaverint
629 804 660 862 et
681 802 796 862 titulos.
842 802 888 861 his
912 801 1046 861 codicum
1064 801 1092 860 X
1113 802 1190 878 frag·

174 891 285 950 mentis
311 891 468 950 inserenda
496 894 582 950 erant
611 891 853 968 apographorum
879 891 907 948 Y
935 892 1086 966 excerpta:
1115 909 1191 966 quae

176 999 224 1038 res
252 999 270 1038 a
294 979 428 1039 Schowio
460 980 611 1055 quondam
637 979 779 1039 instituta
807 980 846 1038 ad
874 978 964 1037 finem
994 981 1059 1038 erat
1085 979 1190 1055 perdu-

176 1068 282 1141 cenda3
303 1088 361 1144 quo
384 1069 464 1128 facto
487 1068 526 1128 ad
548 1068 682 1129 locorum
699 1068 779 1128 inter
796 1069 824 1126 X
846 1071 877 1126 et
894 1069 922 1126 Y
945 1068 1191 1127 consentientium

175 1157 265 1216 fidem
288 1157 437 1233 plerisque
460 1157 598 1234 partibus
621 1156 684 1216 sine
707 1157 771 1216 ulla
793 1156 972 1216 difficultate
994 1156 1086 1216 inseri
1110 1159 1190 1233 pote-

175 1249 247 1304 rant
269 1245 405 1305 codicum
425 1246 456 1304 H
479 1250 510 1306 et
529 1246 548 1305 S
572 1245 713 1320 frustula,
734 1265 832 1322 neque
852 1245 1038 1322 reliquorum
1058 1246 1191 1304 codicum

174 1326 262 1416 (PR)
290 1335 430 1394 auctariis
461 1352 515 1395 sua
545 1335 614 1394 sede
643 1334 820 1410 recipiendis
851 1334 1017 1411 quidquam
1046 1333 1190 1406 obstabat,

176 1423 251 1499 quia
273 1422 409 1499 Lydiena
432 1441 463 1482 se
487 1441 550 1484 esse
573 1423 769 1484 ostendebant
790 1425 841 1498 eo,
869 1422 950 1500 quod
978 1443 994 1481 e
1015 1426 1103 1500 parte
1126 1442 1190 1482 con-

175 1512 346 1572 sentiebant
370 1514 438 1572 cu'm
461 1511 564 1589 aliqua
582 1513 619 1570 de
637 1512 788 1572 mensibus
806 1511 876 1571 libri
894 1512 1094 1590 paragrapho,
1116 1510 1190 1570 unde

176 1601 334 1661 inserenda
351 1600 406 1660 illa
425 1619 488 1661 esse
505 1601 579 1677 ipsis
597 1601 667 1678 illis,
692 1601 870 1678 quibuscum
888 1601 1102 1678 conspirarent,
1119 1600 1189 1660 locis

175 1691 301 1766 plenum
329 1692 401 1748 erat.
448 1690 628 1750 accedebant
657 1693 760 1749 autem
789 1690 840 1765 iis,
871 1709 947 1766 quae
977 1689 1034 1748 tali
1062 1690 1150 1749 modo
1177 1708 1190 1746 e

175 1778 327 1838 codicibus
349 1778 419 1837 libri
438 1778 473 1836 de
491 1779 643 1839 mensibus
660 1779 792 1855 recipere
810 1779 929 1853 licebat,
951 1779 1097 1840 nonnulla
1115 1779 1190 1855 frag-

176 1870 279 1926 menta
307 1867 403 1926 libelli
432 1866 515 1926 illius
545 1867 577 1925 in
608 1867 676 1928 aliis
707 1867 845 1944 operibus
875 1870 1008 1928 seruata:
1039 1886 1116 1944 quae
1143 1865 1190 1926 ubi

177 1955 404 2016 consentiebant
426 1975 493 2015 cum
515 1955 613 2017 verbis
632 1956 776 2033 Lydianis
800 1957 921 2017 aliunde
941 1955 1030 2031 notis,
1052 1956 1085 2015 in
1103 1972 1189 2032 appa·

174 2048 277 2104 ratum
300 2048 372 2105 sunt
395 2045 544 2123 ablegata,
567 2044 620 2103 ubi
642 2063 713 2106 vero
735 2045 807 2104 novi
830 2044 945 2122 aliquid
967 2044 1140 2118 afferebant,
1161 2044 1189 2101 in

175 2135 276 2209 ipsum
305 2134 465 2194 verborum
492 2136 663 2193 contextum
689 2136 818 2210 recepta.
862 2134 951 2193 huius
980 2151 1051 2192 vero
1080 2131 1190 2209 generis

178 2243 214 2281 ea
232 2225 311 2297 sunt,
335 2242 411 2298 quae
435 2243 470 2282 ex
488 2223 584 2299 ipsius
602 2221 759 2282 Laurentii
782 2222 868 2298 libro,
890 2221 940 2281 cui
958 2220 994 2280 de
1012 2220 1190 2300 magistrati·

176 2312 234 2371 bus
260 2311 368 2388 populi
394 2311 522 2372 Romani
548 2310 733 2388 inscribitur,
765 2311 897 2387 excerpsi
921 2331 950 2386 p.
971 2313 1026 2385 16,
1047 2311 1189 2383 16-17‚

180 2401 220 2458 15
246 2404 277 2459 et
302 2399 622 2476 180,10-16:il1is
646 2401 725 2459 enim
748 2399 893 2476 expressis
915 2399 1013 2460 verbis
1037 2399 1075 2459 ad
1097 2398 1190 2458 resin

176 2489 254 2548 libro
279 2489 314 2548 de
339 2489 490 2550 mensibus
513 2491 659 2548 tractatas
682 2489 851 2566 relegamur
873 2489 911 2548 ab
935 2491 1063 2548 auctore.
1104 2492 1188 2564 atque

176 2577 280 2654 priora
295 2579 415 2654 quidem
432 2579 601 2656 fragmenta
618 2577 695 2637 libro
713 2578 810 2653 primo
826 2577 958 2636 tribuere
972 2577 1018 2650 fas
1032 2580 1107 2652 erat,
1126 2576 1190 2653 quia

178 2667 217 2724 ab
233 2667 369 2726 omnibus
382 2668 586 2726 Romanorum
599 2667 740 2726 instituta
753 2685 910 2742 moresque
926 2664 1135 2725 describuntur
1149 2683 1190 2723 eo·

179 2756 248 2813 dem
270 2754 367 2830 modo,
391 2775 450 2831 quo
473 2756 510 2815 de
532 2756 639 2814 iisdem
660 2755 748 2814 rebus
771 2755 912 2814 fusiorem
934 2754 1025 2814 fuisse
1044 2758 1190 2814 auctorem

180 2845 312 2902 extrema
335 2844 405 2902 libri
427 2843 508 2903 illius
531 2847 617 2920 parte
641 2843 862 2904 demonstratur
884 2842 1018 2904 codicum
1035 2843 1096 2901 XY
1117 2843 1189 2918 frag-

179 2933 297 2992 mentis.
342 2932 448 2991 ultimo
477 2952 547 2992 vero
574 2933 756 3010 fragmento,
787 2932 866 3009 quod
892 2932 980 3009 posui
1002 2931 1034 2989 in
1057 2930 1190 2991 editionis

179 3043 208 3098 p.
230 3023 308 3095 180,
335 3021 452 3080 nullum
479 3021 557 3080 inest
584 3022 739 3097 indicium,
767 3022 799 3080 in
828 3038 959 3097 quanam
985 3021 1084 3096 operis
1111 3023 1189 3097 parte

44 3113 163 3197 ‘200⁰{02
181 3112 254 3170 olim
272 3111 413 3186 extiterit,
433 3129 525 3186 quare
543 3110 620 3168 illud
636 3111 767 3169 incertae
786 3110 864 3170 sedis
882 3110 1058 3187 fragmentis
1073 3099 1190 3168 addidi.l

69 3221 93 3249 ⁸⁸
110 3211 130 3249 ia
180 3201 257 3259 tales
272 3201 373 3258 autem
388 3217 514 3275 quarum
527 3200 610 3259 locus
621 3198 727 3258 dubius
738 3202 783 3259 est
791 3199 938 3275 reliquiae
948 3197 1105 3257 duodecim
1114 3199 1189 3258 sunt:

180 3310 224 3347 nr.
241 3291 325 3348 1--6
346 3309 362 3347 e
381 3288 480 3348 codice
496 3287 515 3347 S
534 3289 639 3365 petita,
663 3288 698 3346 de
718 3287 825 3363 quibus
845 3287 1012 3364 supradixi
1032 3308 1061 3364 p.
1075 3284 1189 3358 XLVII,

180 3397 225 3436 nr.
246 3380 263 3436 7
289 3397 304 3436 e
327 3377 405 3436 libro
427 3375 493 3458 περὶ
516 3374 624 3457 ἀρχῶν,
650 3379 757 3436 9--12
783 3396 798 3435 e
823 3375 967 3437 Oedreno:
997 3395 1074 3452 quae
1098 3375 1190 3434 omnia

257 3564 267 3595 ¹
286 3564 320 3618 cf.
339 3583 366 3634 p.
381 3564 453 3620 VIII.
