2556 3996
434 196 544 250 arara
563 195 700 252 ramas
733 262 735 268 ,
1038 199 1077 261 11

74 359 231 442 ὑπηκόους
248 360 473 446 προγράφειν·
497 360 581 426 ὅθεν
598 359 654 425 καί
672 363 775 427 Αίλία
799 360 819 444 η
839 360 1067 446 Ἰερουσαλήμ·
1082 372 1107 426 X

73 463 205 553 καὶγὰρ
229 465 329 543 αὐτὸς
352 464 457 550 αὐτὴν
480 466 629 532 ἁλοῦσαν
652 466 814 534 έπόλισεν.

20 581 140 670 δεεείῶε
163 573 210 637 19.
220 571 292 638 Ὅτι
311 571 431 658 Ὑπάτη
451 573 635 658 ὠνομάζετο
658 578 823 660 πρότερον
844 574 865 658 ἡ
887 575 1115 659 Θ<ε>ονίκη8

23 687 62 740 Rr
70 689 88 755 Ι,
96 695 126 743 18
158 682 206 746 20.
220 678 292 745 Ὅτι
311 681 401 745 ίδιον
419 678 470 745 ἀεὶ
484 678 603 763 γέγονε
616 691 684 745 τῶν
700 679 882 767 ἀρχιερέων
900 683 961 766 την
973 691 1133 767 κεφαΧῶ

77 786 133 868 λην
154 785 285 852 σκέπειν
307 785 328 870 ἢ
352 787 544 872 διαδεσμελν
565 790 690 874 ταινία·
717 785 772 852 καί
795 797 894 853 τοῦτο
918 789 1023 871 δῆλον
1045 788 1081 854 ἐκ
1108 810 1121 850 ε

78 901 130 957 τοῦ
152 892 245 981 μέχρι
267 895 411 980 τήμερον
433 894 578 976 πηκτοῦ
601 892 678 959 καθ’
706 894 791 979 ἡμᾶς
810 893 987 981 ἀρχιερέως
1010 919 1079 961 ται-
1098 908 1115 963 S

77 1001 146 1063 νίαν
167 1012 235 1077 τοῖς
258 1001 361 1085 ῶμοις
388 999 492 1065 αὐτοῦ
515 999 734 1086 περιθέσθαι,
761 1002 823 1085 τὴν
850 1002 895 1078 ὡς
917 1003 1004 1087 ε”φην
1027 1001 1081 1068 ἐπὶ

78 1115 128 1189 τῆς
155 1114 299 1192 κεφαλῆς
330 1106 510 1191 τιθεμένην
536 1109 651 1173 πάλαι·
683 1109 728 1184 ὡς
755 1109 1004 1194 ηκαικαφόριον
1033 1111 1081 1174 ἔτι

76 1211 125 1277 καί
146 1223 208 1279 νῦν
229 1219 415 1279 καλεῖσθαι.

46 1333 76 1380 19
137 1320 186 1385 21.
201 1319 272 1386 Ὅτι
296 1321 314 1387 ὁ
337 1325 478 1406 Νουμᾶς
496 1321 558 1404 τὴν
572 1322 748 1405 βασιλικὴν
768 1320 893 1405 ἐσθῆτα
911 1324 958 1399 είς
977 1324 1076 1407 τιμὴν
1084 1334 1134 1389 XS

68 1425 177 1493 Ἡλίου
202 1426 258 1494 καὶ
277 1425 477 1514 Ἀφροδίτης
500 1427 537 1496 ἐκ
558 1429 735 1515 πορφύρας
759 1426 815 1493 καί
837 1432 960 1494 κόκκου
983 1452 1080 1494 κατα·
1094 1451 1120 1490 11

72 1536 279 1614 σκευάζεσθαι
302 1535 507 1600 διετύπωσεν
530 1571 572 1580 -
596 1533 651 1600 καί
674 1536 807 1601 Βλάττα
834 1535 886 1619 δέ,
914 1533 947 1614 εἶ
974 1530 1014 1619 ἧς
1041 1537 1081 1600 τά
1101 1544 1118 1598 S

71 1641 199 1722 βλάττια
231 1639 387 1726 λέγομεν,
419 1643 525 1726 ὄνομα
552 1639 753 1727 Ἀφροδίτης
786 1639 856 1706 ἐστὶ
887 1643 969 1708 κατά
1002 1643 1081 1718 τοὺς

74 1749 235 1831 Φοίνικας,
259 1749 304 1824 ῶς
326 1747 344 1813 ὁ
366 1746 506 1831 Φλέγων
529 1747 567 1812 έν
588 1757 635 1836 τῷ
657 1747 734 1834 περὶ
754 1747 879 1834 ἑορτῶν
898 1765 990 1834 φησι.
1030 1748 1081 1814 ὅτι

72 1858 265 1936 τριακοσίοις
279 1853 379 1937 ἐγγὺς
393 1855 557 1940 ὀνόμασιν
576 1855 774 1942 εὑρίσκομεν
791 1854 1002 1940 καλουμένην
1020 1856 1081 1939 τὴν
1095 1862 1121 1917 1'5

66 1941 274 2046 Ἀφροδίτην,
302 1973 406 2028 κεῖται
435 1958 472 2027 δὲ
499 1964 588 2049 παρὰ
619 1966 772 2047 Λαβεῶνι
800 1964 840 2028 τδι
868 1963 1014 2045 ὀνόματα
1036 1999 1082 2010 -

71 2065 200 2144 καλέσας
223 2068 329 2150 αὐτὴν
351 2070 413 2153 τὴν
441 2062 564 2152 στολὴν
586 2072 733 2155 πατρίως
755 2071 931 2154 τραβαίαν,
959 2067 1002 2150 ἣν
1030 2066 1120 2134 λε’-Χ

71 2194 154 2252 γεται
175 2187 305 2260 πρῶτος
329 2173 569 2259 ὁἈγαδοκλῆς
587 2174 826 2258 ὁΣικελιώτης
845 2175 965 2261 εὑρεῖν.
1001 2197 1079 2258 τρα-

72 2280 141 2359 βαία
163 2277 200 2345 δὲ
223 2287 352 2368 είρηται
375 2279 497 2346 ὡσανεὶ
519 2284 696 2367 τρίβαφος·
724 2281 760 2346 ἐκ
785 2293 889 2368 τριῶν
911 2282 975 2367 γάρ
999 2280 1080 2347 ἀπο-

71 2391 201 2453 τελεῖται
220 2388 413 2474 χρωμάτων,
432 2387 619 2472 πορφύρας,
642 2390 764 2453 κόκκου
783 2386 838 2453 καί
858 2389 1005 2464 ίσατίδος
1023 2391 1079 2472 βο·
1094 2409 1120 2449 ao

133 2651 158 2686 v.
177 2638 211 2686 14
234 2631 424 2703 fragmentum
443 2631 608 2703 Phlegontis
630 2631 769 2686 Tralliani
793 2631 922 2701 reliquiis
940 2634 1005 2702 περὶ
1023 2643 1079 2689 τῶν

72 2701 1078 2844 ῗίρδίζῖίλίίιὶξίὲἱῶέίὴίὲίῆίδιοῗᾱῗίξὲίᾞδεδέίῗΨ·

133 3024 157 3059 v.
176 3010 192 3059 3
210 3003 368 3076 δ.ονίκη
392 3006 415 3060 S
437 3003 557 3074 Θεονίκη
582 3003 682 3074 scripsi
776 3003 851 3060 λ’ὅτι
866 3005 943 3061 omis.
960 3006 991 3061 X
1013 3007 1017 3076 Ι
1043 3005 1077 3060 cf.

72 3075 131 3144 Lyd.
151 3077 185 3130 de
202 3094 276 3148 mag.
291 3077 375 3146 11‚4:
399 3076 450 3144 τήν
473 3095 502 3131 τε
525 3075 650 3146 κεφαλὴν
674 3075 770 3131 έσκεπε
793 3077 830 3150 <δ
850 3077 1014 3151 ἀρχιερεὺς)
1034 3074 1075 3131 δι’

73 3144 100 3209 ἃς
116 3147 146 3204 ἐν
162 3155 195 3219 τῇ
214 3145 352 3219 γραφείοη
375 3168 422 3218 μοι
445 3149 508 3216 περὶ
532 3157 627 3217 μηνῶν
645 3145 820 3223 πραγματείᾳ
846 3146 1015 3202 ἀποδέδωκα
1034 3147 1078 3201 αί-

72 3216 132 3283 τίας.
203 3225 218 3274 ὅ
234 3222 320 3290 δῆλον
339 3219 370 3274 έκ
387 3229 443 3274 τῶν
461 3216 589 3274 λατίνων.
614 3221 665 3273 cet.
686 3219 743 3273 des.
763 3220 795 3272 X
881 3224 897 3272 8
916 3215 1078 3288 κεφαληφά-

73 3299 143 3355 ριονῗ
225 3296 258 3344 10
278 3291 292 3345 δ
312 3289 344 3344 δὲ
367 3299 474 3360 νονμᾶς
491 3321 527 3330 -
547 3296 580 3344 12
602 3289 784 3345 διετάπωοεν·
811 3286 882 3344 ὅθεν
904 3291 952 3344 καλ
975 3287 1078 3361 βλάττα

73 3362 196 3430 (βλάπτον
211 3362 249 3432 Β)
269 3361 359 3430 ὄνομα
378 3359 534 3432 ἀφροδίτης
552 3361 609 3415 έστλ
623 3360 779 3423 παιδικοὺς
798 3357 943 3429 φοίνικας,
961 3357 1080 3423 καλέσας

74 3435 120 3504 (11)
138 3434 169 3488 X
193 3435 197 3504 λ
218 3433 233 3487 ὀ
248 3431 280 3487 δὲ
295 3436 460 3503 Νοομᾶς-
473 3452 500 3503 p.
518 3439 582 3503 lar
601 3429 694 3501 Ἄρεος
711 3431 878 3486 lambecius
897 3431 928 3484 in
942 3431 1079 3487 Codinum

73 3519 94 3570 p.
108 3511 157 3559 164
169 3520 228 3559 nro.
244 3510 288 3573 31,
303 3504 353 3574 qui
367 3521 431 3559 cum
441 3505 473 3558 X
486 3503 627 3559 consentia
640 3507 838 3573 praeterquam
853 3502 929 3572 quod
942 3508 1013 3558 v.17
1027 3503 1080 3573 τὴν

75 3575 171 3631 omittit
184 3578 214 3630 et
227 3593 251 3630 v.
268 3582 309 3631 17.
327 3581 359 3631 18
378 3574 508 3648 τραβίαν,
527 3573 632 3647 τραβέα
647 3574 753 3630 scribit.
