2556 3996
165 186 208 250 70
406 185 516 240 LIBER
533 185 710 253 QUARTUS.
737 185 939 241 IANUARIUS

100 361 149 415 Ys
165 348 254 433 λέγει
280 351 344 436 γάρ
372 343 450 415 ώδε·
478 349 588 416 ἱθεῖον
610 351 647 416 τὸ
670 359 731 415 τοῦ
755 351 937 437 δράκοντος
960 353 1053 435 ζῶον,
1080 374 1178 416 πνευ-

164 458 391 541 ματικώτατον
421 457 557 522 πάντων
590 455 736 543 ἑρπετῶν
767 457 823 522 καὶ
854 459 1020 540 πυρῶδες·
1055 456 1129 545 παρ’
1158 457 1176 522 ὃ

163 562 218 628 καὶ
254 565 353 649 τάχος
389 564 479 652 αὐτῷ
515 562 767 650 ἀνυπέρβλητον
803 565 860 630 διά
891 574 953 631 τοῦ
983 567 1177 650 πνεύματος,

162 669 263 757 χωρὶς
289 671 405 736 ποδῶν
431 669 487 736 καὶ
510 681 631 757 χειρῶν
648 670 669 754 ἢ
689 673 793 737 άλλου
811 673 904 747 τινὸς
920 683 989 737 τῶν
1007 671 1108 756 έκτύς,
1130 669 1171 736 δι’

137 772 212 843 τών
234 778 274 843 τά
302 779 403 843 λοιποὶ
426 781 491 856 ζῶα
513 780 571 855 τὰς
593 782 740 862 κινήσεις
762 789 918 844 ποιεῖται·
940 777 997 844 καὶ
1019 783 1177 844 ποικίλων

164 885 339 969 σχημάτων
379 885 505 961 τύπους
547 885 700 952 ἀποτελεῖ
735 884 790 950 καὶ
826 888 909 952 κατδι
945 887 1007 969 τὴν
1043 889 1177 973 πορείαν

164 990 355 1068 ἑλικοειδεῖς
374 995 440 1075 ἔχει
458 994 516 1068 τὰς
535 992 638 1078 ὁρμάς
657 990 708 1076 ἐφ’
728 991 746 1056 δ
765 992 921 1076 βούλεται
939 995 1047 1078 τάχος.
1079 998 1178 1058 πολυ-

163 1099 384 1183 χρονιώτατος
416 1097 458 1163 δέ
487 1098 571 1183 ἐστι,
607 1097 663 1163 καὶ
701 1099 740 1164 ού
773 1101 879 1183 μόνον
912 1099 1111 1184 ἐνδυόμενος
1140 1100 1175 1164 τὸ

163 1213 267 1291 γῆρας
295 1206 416 1288 νεάζει,
449 1205 533 1271 άλλοὶ
555 1203 610 1270 καὶ
643 1204 782 1289 αὔξησιν
809 1205 1021 1291 ἐπιδέχεσθαι
1049 1210 1176 1291 μείζονα

122 1337 148 1376 ιο
161 1310 303 1396 πέφυκε,
332 1309 388 1376 καὶ
418 1311 553 1377 έπειδοὶν
583 1313 621 1377 τὸ
648 1311 835 1398 ὡρισμένον
862 1311 984 1398 μέτρον
1010 1315 1176 1400 πληρώση,

162 1419 209 1495 εἱς
234 1417 353 1484 ἑαυτὸν
376 1417 594 1485 ἀναλίσκεται.
637 1420 690 1484 διὸ
712 1417 767 1484 καὶ
793 1420 894 1505 ἱεροῖς
916 1429 1016 1485 τοῦτο
1040 1422 1078 1486 τὸ
1097 1424 1176 1500 ζῶον

121 1535 147 1588 Y
161 1512 436 1612 καὶμυστηρίοις
461 1526 766 1612 σνμπαρείληπται.’
813 1524 952 1604 ὀξύτατα
980 1523 1018 1591 δὲ
1046 1527 1176 1591 πάντων

161 1632 286 1717 βλέπει,
310 1633 393 1699 ὅθεν
414 1630 469 1697 καὶ
493 1633 627 1718 δράκων
650 1632 847 1716 ώνύμασται.

119 1750 145 1803 Χ
229 1740 257 1805 λ.
276 1739 334 1804 Ἐν
356 1740 459 1825 ταύτη
482 1749 521 1825 τῇ
544 1737 651 1825 ἡμέρᾳ
677 1733 840 1824 Τραιανὸς
862 1735 902 1825 τῇ
924 1741 1061 1805 πάντων
1075 1747 1223 1818 11118‚IV7

120 1871 146 1912 15
165 1848 254 1933 Τύχη
273 1844 458 1932 καθιέρωσε
476 1848 570 1929 ναόν,
593 1850 757 1921 θεσπίσας
773 1845 935 1911 κατάτὸν
954 1847 1045 1932 ἱερὸν
1064 1850 1175 1932 νόμον,
1198 1877 1202 1882 ·

120 1963 147 2016 Y
160 1952 288 2039 μηδένα
314 1954 404 2039 παρὰ
426 1953 486 2017 τὸν
508 1952 663 2017 θύσαντα
686 1953 847 2035 γεύεσθαι
869 1961 928 2037 της
946 1957 1082 2030 θυσίας.
1128 1955 1175 2019 ὅτι

161 2061 312 2146 οὐδαμοῦ
339 2069 400 2124 τοῦ
427 2068 484 2143 τῆς
518 2058 626 2143 Τύχης
653 2059 815 2143 ὀνόματος
835 2057 980 2145 ρΌμηρος
1007 2058 1174 2145 μέμνηται,

120 2166 318 2243 ΧἫσίοδος
346 2165 470 2251 μέντοι.
516 2166 709 2251 Εἱμαρμένη
739 2164 843 2232 οἱονεὶ
875 2165 1028 2253 είρομένη
1057 2168 1115 2232 διὰ
1140 2167 1173 2231 ιὸ

160 2276 285 2359 χρόνον
317 2273 451 2339 δεῖσθαι
482 2271 538 2337 καὶ
571 2273 789 2356 διαστάσεως,
827 2272 883 2337 ίνα
915 2272 933 2338 ὁ
964 2273 1080 2357 ἐἱρμὸς
1111 2285 1175 2338 τών

125 2378 387 2464 θύποκειμένων
415 2381 562 2463 σώζηται.
610 2379 660 2444 ὅτι
688 2380 725 2444 τὸ
753 2387 812 2461 τῆς
839 2380 947 2463 Τύχης
974 2377 1030 2444 καὶ
1052 2382 1174 2466 Εἱμαρ-

120 2515 144 2552 21
160 2486 261 2570 μένης
280 2485 332 2552 ε’πὶ
351 2495 409 2571 τῆς
426 2485 585 2570 γενέσεως
603 2484 826 2571 προβέβληται
846 2488 964 2571 ὄνομα·
982 2484 1038 2551 καὶ
1053 2488 1174 2574 μάρτυς

156 2593 277 2679 Ἑρμῆς
309 2591 346 2659 έν
375 2601 421 2680 τῷ
448 2590 641 2680 καλουμένῳ
669 2595 782 2680 τελείῳ
811 2595 898 2680 λόγῳ
928 2593 1033 2670 ούτως
1062 2597 1173 2660 εἱπών·

160 2701 215 2766 (αἱ
225 2700 427 2784 καλούμεναι
447 2697 528 2763 ἑπτὰ
543 2709 682 2783 σφαῖραι
701 2699 837 2783 ἔχουσιν
855 2698 961 2785 ἀρχὴν
979 2701 1041 2786 τὴν
1057 2709 1173 2768 καλου·

17 2831 32 2859 1
116 2819 118 2823 ’
159 2805 264 2891 μένην
293 2807 397 2891 τύχην
426 2805 446 2889 ἢ
477 2803 693 2892 εἱμαρμένην,
725 2805 797 2888 ἥτις
826 2807 934 2871 πάντα
965 2807 1097 2874 ἀλλοιοῖ
1122 2805 1172 2873 καί

130 2951 133 2958 ’
231 2965 254 3000 v.
271 2950 304 3000 18
323 2945 388 3000 Hes.
407 2944 512 3015 Theog.
532 2949 584 2998 360
657 2950 691 2997 22
709 2944 825 2998 Hermes
850 2943 884 2999 ef.
906 2945 950 2998 Ps.
970 2944 1074 3014 Apulei
1098 2947 1172 3000 Αεεο.

159 3037 180 3072 ε.
200 3017 273 3072 Dial.
292 3016 385 3071 Herm.
402 3016 500 3071 Trism.
521 3033 544 3071 ο.
559 3015 630 3071 XIX.
649 3015 766 3069 XXXIX

229 3161 254 3196 v.
274 3147 290 3196 3
310 3142 385 3196 αύτῶ
408 3157 492 3210 supra
510 3139 559 3194 h'n.
581 3140 619 3209 G,
641 3139 719 3195 omiS.
739 3140 768 3193 Y
836 3141 1035 3211 4χωρὶς-5
1054 3151 1172 3196 ποιεῖται
1235 3167 1240 3178 =

159 3213 275 3268 θυήεις
354 3220 369 3267 6
389 3213 437 3267 καλ
451 3244 486 3251 -
502 3217 516 3264 7
531 3209 616 3281 τάχος
630 3211 708 3265 omia.
728 3212 757 3265 Y
835 3218 849 3265 7
869 3214 1129 3282 πολυχρονιώτατον
1150 3211 1175 3266 Y

159 3287 243 3340 8καὶ
261 3283 340 3338 omiS.
360 3285 404 3354 Υλ
421 3281 509 3352 μόνον
532 3291 569 3337 τῶ
588 3281 757 3352 έκδυύμενος
779 3281 960 3352 (ἐκδυόμενον
980 3284 1016 3354 G)
1038 3284 1070 3339 τὸ
1090 3293 1173 3354 γῆρας

158 3356 267 3422 νεάζων
285 3356 315 3413 Υ
389 3360 422 3408 10
441 3355 534 3409 διὸ-
550 3360 582 3407 11
604 3352 843 3424 συμπαρεὶληπται
862 3354 941 3409 omiS.
961 3355 990 3408 Y
1059 3361 1093 3408 12
1114 3355 1172 3422 ὀξύ-

159 3447 229 3482 τατα
244 3459 277 3468 -
293 3433 327 3482 13
341 3423 500 3496 ώνύμασται
519 3424 597 3479 omi.
613 3425 635 3480 S
720 3431 754 3480 14
772 3425 803 3481 ἐν
820 3426 906 3496 ταύτη
922 3459 956 3466 -
972 3432 1005 3479 16
1024 3425 1129 3488 θυσίας
1146 3425 1174 3480 X

161 3505 194 3552 16
215 3497 257 3553 ὅτι
276 3499 401 3566 οὐδαμοῖ
416 3530 449 3537 -
465 3503 498 3551 18
517 3494 612 3564 μέντοι
631 3497 661 3550 Y
729 3501 762 3550 18
782 3495 944 3566 Εἱμάρμένη
960 3529 995 3538 -
1009 3503 1044 3550 20
1059 3499 1171 3567 σώζηται

160 3571 192 3624 Χ
206 3573 210 3641 Ι
226 3571 257 3624 τὸ
277 3567 379 3640 χρόνον
398 3571 434 3638 Β,
456 3577 506 3623 τοῦ
525 3565 629 3639 χρόνον
646 3569 674 3622 Α
747 3574 781 3621 20
800 3565 843 3623 ὅτι
860 3569 892 3624 τὸ
910 3577 959 3640 τῆς
977 3569 1062 3639 τύχης
1080 3585 1137 3638 θηε.
1155 3565 1174 3624 S
