<?xml version="1.0" encoding="UTF-8"?>
<!DOCTYPE html PUBLIC "-//W3C//DTD XHTML 1.0 Transitional//EN"
    "http://www.w3.org/TR/xhtml1/DTD/xhtml1-transitional.dtd">
<html xmlns="http://www.w3.org/1999/xhtml" xml:lang="en" lang="en">
 <head>
  <title>
</title>
<meta http-equiv="Content-Type" content="text/html;charset=utf-8" />
  <meta name='ocr-system' content='tesseract 3.04.00' />
  <meta name='ocr-capabilities' content='ocr_page ocr_carea ocr_par ocr_line ocrx_word'/>
</head>
<body>
  <div class='ocr_page' id='page_1' title='image "./ioannislaurenti01wuengoog_0040.png"; bbox 0 0 2524 3984; ppageno 0'>
   <div class='ocr_carea' id='block_1_1' title="bbox 362 223 1070 306">
    <p class='ocr_par' dir='ltr' id='par_1_1' title="bbox 362 223 1070 306">
     <span class='ocr_line' id='line_1_1' title="bbox 362 223 1070 306; baseline 0.003 -24"><span class='ocrx_word' id='word_1_1' title='bbox 362 303 363 306; x_wconf 7' lang='grc' dir='ltr'><em>η</em></span> <span class='ocrx_word' id='word_1_2' title='bbox 458 227 664 284; x_wconf 75' lang='lat' dir='ltr'><strong>ranararro</strong></span> <span class='ocrx_word' id='word_1_3' title='bbox 953 223 1070 284; x_wconf 79' lang='lat' dir='ltr'><strong>xxxin</strong></span> 
     </span>
    </p>
   </div>
   <div class='ocr_carea' id='block_1_2' title="bbox 21 385 1069 2378">
    <p class='ocr_par' dir='ltr' id='par_1_2' title="bbox 21 385 1069 740">
     <span class='ocr_line' id='line_1_2' title="bbox 63 385 1068 474; baseline 0.002 -18"><span class='ocrx_word' id='word_1_4' title='bbox 63 397 223 458; x_wconf 85' lang='lat' dir='ltr'><strong>enumeravi</strong></span> <span class='ocrx_word' id='word_1_5' title='bbox 251 385 353 457; x_wconf 78' lang='lat' dir='ltr'><strong>auteur</strong></span> <span class='ocrx_word' id='word_1_6' title='bbox 379 397 433 456; x_wconf 87' lang='lat' dir='ltr'><strong>hos</strong></span> <span class='ocrx_word' id='word_1_7' title='bbox 463 393 544 457; x_wconf 82' lang='lat' dir='ltr'><strong>locos</strong></span> <span class='ocrx_word' id='word_1_8' title='bbox 572 397 755 473; x_wconf 74' lang='lat' dir='ltr'><strong>accuratiuS,</strong></span> <span class='ocrx_word' id='word_1_9' title='bbox 790 397 927 474; x_wconf 81' lang='lat' dir='ltr'><strong>quamvis</strong></span> <span class='ocrx_word' id='word_1_10' title='bbox 959 397 1068 459; x_wconf 81' lang='lat' dir='ltr'><strong>codrcis</strong></span> 
     </span>
     <span class='ocr_line' id='line_1_3' title="bbox 21 480 1068 564; baseline 0.002 -20"><span class='ocrx_word' id='word_1_11' title='bbox 21 501 23 512; x_wconf 75' lang='grc'>’</span> <span class='ocrx_word' id='word_1_12' title='bbox 64 486 168 546; x_wconf 89' lang='lat' dir='ltr'><strong>P-h.</strong></span> <span class='ocrx_word' id='word_1_13' title='bbox 182 507 206 546; x_wconf 91' lang='lat' dir='ltr'><strong>e.</strong></span> <span class='ocrx_word' id='word_1_14' title='bbox 221 486 299 563; x_wconf 84' lang='lat' dir='ltr'>Lydi</span> <span class='ocrx_word' id='word_1_15' title='bbox 313 517 358 535; x_wconf 75' lang='lat'><strong>-.-</strong></span> <span class='ocrx_word' id='word_1_16' title='bbox 371 480 486 546; x_wconf 83' lang='lat' dir='ltr'><strong>nullam</strong></span> <span class='ocrx_word' id='word_1_17' title='bbox 504 505 614 545; x_wconf 85' lang='lat' dir='ltr'><strong>novam</strong></span> <span class='ocrx_word' id='word_1_18' title='bbox 634 487 774 546; x_wconf 85' lang='lat' dir='ltr'><strong>afferrent</strong></span> <span class='ocrx_word' id='word_1_19' title='bbox 786 486 953 562; x_wconf 84' lang='lat' dir='ltr'><strong>lectionem,</strong></span> <span class='ocrx_word' id='word_1_20' title='bbox 975 490 1020 564; x_wconf 83' lang='lat' dir='ltr'><strong>ut,</strong></span> <span class='ocrx_word' id='word_1_21' title='bbox 1043 487 1068 546; x_wconf 88' lang='lat' dir='ltr'><strong>si</strong></span> 
     </span>
     <span class='ocr_line' id='line_1_4' title="bbox 62 567 1069 653; baseline 0.001 -20"><span class='ocrx_word' id='word_1_22' title='bbox 62 576 145 635; x_wconf 87' lang='lat' dir='ltr'><strong>iniis</strong></span> <span class='ocrx_word' id='word_1_23' title='bbox 169 575 251 653; x_wconf 87' lang='lat' dir='ltr'><strong>apud</strong></span> <span class='ocrx_word' id='word_1_24' title='bbox 271 567 453 635; x_wconf 78' lang='lat' dir='ltr'><strong>Salinaeium</strong></span> <span class='ocrx_word' id='word_1_25' title='bbox 473 575 639 653; x_wconf 60' lang='lat' dir='ltr'><strong>offenderis</strong></span> <span class='ocrx_word' id='word_1_26' title='bbox 665 576 770 636; x_wconf 85' lang='lat' dir='ltr'><strong>statim</strong></span> <span class='ocrx_word' id='word_1_27' title='bbox 794 574 880 650; x_wconf 86' lang='lat' dir='ltr'><strong>scias,</strong></span> <span class='ocrx_word' id='word_1_28' title='bbox 904 575 982 636; x_wconf 89' lang='lat' dir='ltr'><strong>uude</strong></span> <span class='ocrx_word' id='word_1_29' title='bbox 1008 575 1069 634; x_wconf 88' lang='lat' dir='ltr'><strong>siut</strong></span> 
     </span>
     <span class='ocr_line' id='line_1_5' title="bbox 63 665 603 740; baseline 0.004 -18"><span class='ocrx_word' id='word_1_30' title='bbox 63 665 147 740; x_wconf 87' lang='lat' dir='ltr'><strong>petiti.</strong></span> <span class='ocrx_word' id='word_1_31' title='bbox 602 683 603 686; x_wconf 71' lang='grc'>’</span> 
     </span>
    </p>

    <p class='ocr_par' dir='ltr' id='par_1_3' title="bbox 21 787 1069 2378">
     <span class='ocr_line' id='line_1_6' title="bbox 21 787 1067 865; baseline 0 -17"><span class='ocrx_word' id='word_1_32' title='bbox 21 845 22 848; x_wconf 74' lang='grc'><em>,</em></span> <span class='ocrx_word' id='word_1_33' title='bbox 122 787 236 849; x_wconf 77' lang='lat' dir='ltr'><strong>Codicis</strong></span> <span class='ocrx_word' id='word_1_34' title='bbox 268 787 292 847; x_wconf 95' lang='lat' dir='ltr'><strong>P</strong></span> <span class='ocrx_word' id='word_1_35' title='bbox 323 788 398 848; x_wconf 90' lang='lat' dir='ltr'><strong>folia</strong></span> <span class='ocrx_word' id='word_1_36' title='bbox 432 790 513 850; x_wconf 76' lang='lat'>103¹</span> <span class='ocrx_word' id='word_1_37' title='bbox 527 807 591 865; x_wconf 87' lang='lat' dir='ltr'><strong>sqq.</strong></span> <span class='ocrx_word' id='word_1_38' title='bbox 623 807 712 865; x_wconf 90' lang='lat' dir='ltr'><strong>porro</strong></span> <span class='ocrx_word' id='word_1_39' title='bbox 742 792 926 865; x_wconf 79' lang='lat' dir='ltr'><strong>occupantur</strong></span> <span class='ocrx_word' id='word_1_40' title='bbox 961 789 1067 849; x_wconf 88' lang='lat' dir='ltr'><strong>disser-</strong></span> 
     </span>
     <span class='ocr_line' id='line_1_7' title="bbox 21 874 1069 958; baseline 0.002 -22"><span class='ocrx_word' id='word_1_41' title='bbox 21 909 22 912; x_wconf 21' lang='grc' dir='ltr'><em>ι</em></span> <span class='ocrx_word' id='word_1_42' title='bbox 65 877 166 938; x_wconf 86' lang='lat' dir='ltr'><strong>tatione</strong></span> <span class='ocrx_word' id='word_1_43' title='bbox 189 877 264 937; x_wconf 84' lang='lat' dir='ltr'><strong>satis</strong></span> <span class='ocrx_word' id='word_1_44' title='bbox 288 877 389 954; x_wconf 88' lang='lat' dir='ltr'><strong>ampla</strong></span> <span class='ocrx_word' id='word_1_45' title='bbox 411 874 478 958; x_wconf 75' lang='grc' dir='ltr'><strong>περὶ</strong></span> <span class='ocrx_word' id='word_1_46' title='bbox 501 876 632 957; x_wconf 76' lang='grc' dir='ltr'><em>οὐρανοῦ</em></span> <span class='ocrx_word' id='word_1_47' title='bbox 654 874 704 938; x_wconf 80' lang='grc' dir='ltr'><strong>καὶ</strong></span> <span class='ocrx_word' id='word_1_48' title='bbox 725 884 796 958; x_wconf 74' lang='grc' dir='ltr'><em>γῆς,</em></span> <span class='ocrx_word' id='word_1_49' title='bbox 818 874 920 957; x_wconf 76' lang='grc' dir='ltr'><em>ἡλίου,</em></span> <span class='ocrx_word' id='word_1_50' title='bbox 943 876 1069 957; x_wconf 78' lang='grc' dir='ltr'><strong><em>σελήνης</em></strong></span> 
     </span>
     <span class='ocr_line' id='line_1_8' title="bbox 21 961 1069 1048; baseline 0.003 -25"><span class='ocrx_word' id='word_1_51' title='bbox 21 1019 22 1022; x_wconf 73' lang='grc'><em>,</em></span> <span class='ocrx_word' id='word_1_52' title='bbox 65 964 105 1026; x_wconf 80' lang='lat' dir='ltr'><strong>uel</strong></span> <span class='ocrx_word' id='word_1_53' title='bbox 133 963 263 1048; x_wconf 76' lang='grc' dir='ltr'><strong><em>ἀστέρων</em></strong></span> <span class='ocrx_word' id='word_1_54' title='bbox 293 964 344 1026; x_wconf 78' lang='grc' dir='ltr'><strong>καὶ</strong></span> <span class='ocrx_word' id='word_1_55' title='bbox 375 964 484 1047; x_wconf 77' lang='grc' dir='ltr'><em>χρόνον</em></span> <span class='ocrx_word' id='word_1_56' title='bbox 515 963 567 1028; x_wconf 76' lang='grc' dir='ltr'><strong>καὶ</strong></span> <span class='ocrx_word' id='word_1_57' title='bbox 598 961 716 1046; x_wconf 79' lang='grc' dir='ltr'><em>ἡμερῶν</em></span> <span class='ocrx_word' id='word_1_58' title='bbox 751 964 802 1026; x_wconf 77' lang='lat' dir='ltr'><strong>acl</strong></span> <span class='ocrx_word' id='word_1_59' title='bbox 834 971 939 1046; x_wconf 79' lang='grc' dir='ltr'><em>μηνῶν</em></span> <span class='ocrx_word' id='word_1_60' title='bbox 970 967 1069 1045; x_wconf 86' lang='lat' dir='ltr'><strong>ignoti</strong></span> 
     </span>
     <span class='ocr_line' id='line_1_9' title="bbox 65 1055 1068 1133; baseline 0.004 -21"><span class='ocrx_word' id='word_1_61' title='bbox 65 1056 194 1133; x_wconf 78' lang='lat' dir='ltr'><strong>auctoris3</strong></span> <span class='ocrx_word' id='word_1_62' title='bbox 217 1055 385 1132; x_wconf 89' lang='lat' dir='ltr'><strong>inspectum</strong></span> <span class='ocrx_word' id='word_1_63' title='bbox 408 1059 510 1114; x_wconf 85' lang='lat' dir='ltr'><strong>autem</strong></span> <span class='ocrx_word' id='word_1_64' title='bbox 533 1055 571 1114; x_wconf 91' lang='lat' dir='ltr'><strong>ab</strong></span> <span class='ocrx_word' id='word_1_65' title='bbox 593 1055 647 1114; x_wconf 91' lang='lat' dir='ltr'><strong>illo</strong></span> <span class='ocrx_word' id='word_1_66' title='bbox 666 1055 836 1131; x_wconf 85' lang='lat' dir='ltr'><strong>Lydianum</strong></span> <span class='ocrx_word' id='word_1_67' title='bbox 858 1056 894 1114; x_wconf 90' lang='lat' dir='ltr'><strong>de</strong></span> <span class='ocrx_word' id='word_1_68' title='bbox 917 1056 1068 1116; x_wconf 84' lang='lat' dir='ltr'><strong>mensibus</strong></span> 
     </span>
     <span class='ocr_line' id='line_1_10' title="bbox 64 1141 1069 1224; baseline 0.002 -22"><span class='ocrx_word' id='word_1_69' title='bbox 64 1143 159 1203; x_wconf 90' lang='lat' dir='ltr'><strong>librum</strong></span> <span class='ocrx_word' id='word_1_70' title='bbox 177 1163 241 1204; x_wconf 88' lang='lat' dir='ltr'><strong>esse</strong></span> <span class='ocrx_word' id='word_1_71' title='bbox 257 1147 382 1221; x_wconf 85' lang='lat' dir='ltr'><strong>propter</strong></span> <span class='ocrx_word' id='word_1_72' title='bbox 399 1143 624 1220; x_wconf 84' lang='lat' dir='ltr'><strong>inscriptionem</strong></span> <span class='ocrx_word' id='word_1_73' title='bbox 642 1141 711 1224; x_wconf 80' lang='grc' dir='ltr'><strong><em>περὶ</em></strong></span> <span class='ocrx_word' id='word_1_74' title='bbox 728 1151 832 1222; x_wconf 82' lang='grc' dir='ltr'><em>μηνῶν</em></span> <span class='ocrx_word' id='word_1_75' title='bbox 850 1143 901 1204; x_wconf 86' lang='lat' dir='ltr'><strong>vix</strong></span> <span class='ocrx_word' id='word_1_76' title='bbox 919 1144 982 1204; x_wconf 84' lang='lat' dir='ltr'><strong>erit</strong></span> <span class='ocrx_word' id='word_1_77' title='bbox 996 1144 1069 1222; x_wconf 91' lang='lat' dir='ltr'><strong>quin</strong></span> 
     </span>
     <span class='ocr_line' id='line_1_11' title="bbox 21 1231 1068 1310; baseline 0 -17"><span class='ocrx_word' id='word_1_78' title='bbox 21 1297 23 1300; x_wconf 67' lang='grc'><em>,</em></span> <span class='ocrx_word' id='word_1_79' title='bbox 65 1233 146 1308; x_wconf 77' lang='lat' dir='ltr'><strong>primo</strong></span> <span class='ocrx_word' id='word_1_80' title='bbox 161 1233 304 1310; x_wconf 86' lang='lat' dir='ltr'><strong>adspectu</strong></span> <span class='ocrx_word' id='word_1_81' title='bbox 322 1231 459 1293; x_wconf 82' lang='lat' dir='ltr'><strong>coniciet.</strong></span> <span class='ocrx_word' id='word_1_82' title='bbox 486 1233 578 1310; x_wconf 75' lang='lat' dir='ltr'><strong>‘quod</strong></span> <span class='ocrx_word' id='word_1_83' title='bbox 595 1236 697 1292; x_wconf 86' lang='lat' dir='ltr'><strong>tamen</strong></span> <span class='ocrx_word' id='word_1_84' title='bbox 715 1251 775 1303; x_wconf 87' lang='lat' dir='ltr'><strong>uno</strong></span> <span class='ocrx_word' id='word_1_85' title='bbox 789 1233 852 1293; x_wconf 88' lang='lat' dir='ltr'><strong>solo</strong></span> <span class='ocrx_word' id='word_1_86' title='bbox 867 1234 934 1294; x_wconf 89' lang='lat' dir='ltr'><strong>loco</strong></span> <span class='ocrx_word' id='word_1_87' title='bbox 947 1233 1068 1294; x_wconf 90' lang='lat' dir='ltr'><strong>demon·</strong></span> 
     </span>
     <span class='ocr_line' id='line_1_12' title="bbox 66 1318 1068 1400; baseline 0.003 -20"><span class='ocrx_word' id='word_1_88' title='bbox 66 1322 142 1380; x_wconf 84' lang='lat' dir='ltr'><strong>strui</strong></span> <span class='ocrx_word' id='word_1_89' title='bbox 158 1324 269 1399; x_wconf 80' lang='lat' dir='ltr'><strong>potest,</strong></span> <span class='ocrx_word' id='word_1_90' title='bbox 291 1322 364 1382; x_wconf 85' lang='lat' dir='ltr'><strong>folio</strong></span> <span class='ocrx_word' id='word_1_91' title='bbox 389 1324 474 1400; x_wconf 80' lang='lat'>109¹,</span> <span class='ocrx_word' id='word_1_92' title='bbox 496 1322 550 1381; x_wconf 93' lang='lat' dir='ltr'><strong>ubi</strong></span> <span class='ocrx_word' id='word_1_93' title='bbox 572 1323 699 1400; x_wconf 81' lang='lat' dir='ltr'><strong>legimus</strong></span> <span class='ocrx_word' id='word_1_94' title='bbox 721 1322 808 1382; x_wconf 84' lang='lat' dir='ltr'><strong>haec:</strong></span> <span class='ocrx_word' id='word_1_95' title='bbox 831 1318 893 1382; x_wconf 77' lang='grc' dir='ltr'><strong>ἐπεὶ</strong></span> <span class='ocrx_word' id='word_1_96' title='bbox 916 1318 953 1382; x_wconf 73' lang='grc' dir='ltr'><strong>δὲζ</strong></span> <span class='ocrx_word' id='word_1_97' title='bbox 970 1321 1013 1396; x_wconf 79' lang='grc' dir='ltr'><strong>εἰς</strong></span> <span class='ocrx_word' id='word_1_98' title='bbox 1035 1321 1068 1384; x_wconf 90' lang='grc' dir='ltr'><strong>τὸ</strong></span> 
     </span>
     <span class='ocr_line' id='line_1_13' title="bbox 61 1405 1066 1491; baseline 0 -20"><span class='ocrx_word' id='word_1_99' title='bbox 61 1405 265 1490; x_wconf 71' lang='grc' dir='ltr'><em>’ἡμερονύιιτιον</em></span> <span class='ocrx_word' id='word_1_100' title='bbox 282 1408 514 1490; x_wconf 81' lang='grc' dir='ltr'><em>κατηντήσαμεν,</em></span> <span class='ocrx_word' id='word_1_101' title='bbox 532 1408 625 1491; x_wconf 83' lang='grc' dir='ltr'><em>χρεὼν</em></span> <span class='ocrx_word' id='word_1_102' title='bbox 643 1410 736 1477; x_wconf 72' lang='grc' dir='ltr'><em>εἰπεῖν</em></span> <span class='ocrx_word' id='word_1_103' title='bbox 754 1408 802 1470; x_wconf 74' lang='grc' dir='ltr'><strong>καὶ</strong></span> <span class='ocrx_word' id='word_1_104' title='bbox 823 1409 904 1484; x_wconf 79' lang='grc' dir='ltr'><em>ὅπως</em></span> <span class='ocrx_word' id='word_1_105' title='bbox 919 1419 1006 1472; x_wconf 78' lang='grc' dir='ltr'><em>τοῦτο</em></span> <span class='ocrx_word' id='word_1_106' title='bbox 1020 1415 1066 1472; x_wconf 83' lang='lat' dir='ltr'><strong>lo·</strong></span> 
     </span>
     <span class='ocr_line' id='line_1_14' title="bbox 65 1489 1069 1580; baseline 0.003 -23"><span class='ocrx_word' id='word_1_107' title='bbox 65 1498 158 1578; x_wconf 78' lang='grc' dir='ltr'><em>μίζεται</em></span> <span class='ocrx_word' id='word_1_108' title='bbox 179 1492 250 1580; x_wconf 77' lang='grc' dir='ltr'><em>παρ’</em></span> <span class='ocrx_word' id='word_1_109' title='bbox 276 1497 408 1572; x_wconf 77' lang='grc' dir='ltr'><em>ἑκάστοις</em></span> <span class='ocrx_word' id='word_1_110' title='bbox 430 1503 494 1572; x_wconf 86' lang='grc' dir='ltr'><em>τοῖς</em></span> <span class='ocrx_word' id='word_1_111' title='bbox 517 1497 647 1575; x_wconf 72' lang='grc' dir='ltr'><em>ἔθνεσιν,</em></span> <span class='ocrx_word' id='word_1_112' title='bbox 669 1493 721 1560; x_wconf 80' lang='grc' dir='ltr'><em>εἶτ’</em></span> <span class='ocrx_word' id='word_1_113' title='bbox 748 1489 803 1559; x_wconf 75' lang='grc' dir='ltr'><strong>οὖν</strong></span> <span class='ocrx_word' id='word_1_114' title='bbox 827 1497 907 1573; x_wconf 81' lang='grc' dir='ltr'><em>ὅπως</em></span> <span class='ocrx_word' id='word_1_115' title='bbox 929 1497 949 1578; x_wconf 80' lang='grc' dir='ltr'><em>ἡ</em></span> <span class='ocrx_word' id='word_1_116' title='bbox 973 1495 1069 1579; x_wconf 71' lang='grc' dir='ltr'><em>ἡμέρα</em></span> 
     </span>
     <span class='ocr_line' id='line_1_15' title="bbox 66 1578 1067 1668; baseline -0.001 -20"><span class='ocrx_word' id='word_1_117' title='bbox 66 1593 201 1666; x_wconf 78' lang='grc' dir='ltr'><em>μετρεῖται.</em></span> <span class='ocrx_word' id='word_1_118' title='bbox 247 1587 435 1667; x_wconf 78' lang='grc' dir='ltr'><em>Βαβυλώνιοι</em></span> <span class='ocrx_word' id='word_1_119' title='bbox 458 1578 591 1667; x_wconf 75' lang='grc' dir='ltr'><em>μὲνοῦν</em></span> <span class='ocrx_word' id='word_1_120' title='bbox 613 1591 684 1668; x_wconf 82' lang='grc' dir='ltr'><em>ιιτλ,</em></span> <span class='ocrx_word' id='word_1_121' title='bbox 707 1592 738 1647; x_wconf 90' lang='lat' dir='ltr'><strong>et</strong></span> <span class='ocrx_word' id='word_1_122' title='bbox 760 1591 900 1648; x_wconf 87' lang='lat' dir='ltr'><strong>secuntur</strong></span> <span class='ocrx_word' id='word_1_123' title='bbox 921 1608 966 1665; x_wconf 81' lang='lat' dir='ltr'><strong>ea,</strong></span> <span class='ocrx_word' id='word_1_124' title='bbox 990 1607 1067 1664; x_wconf 84' lang='lat' dir='ltr'><strong>quae</strong></span> 
     </span>
     <span class='ocr_line' id='line_1_16' title="bbox 66 1676 1068 1756; baseline 0.004 -23"><span class='ocrx_word' id='word_1_125' title='bbox 66 1676 191 1738; x_wconf 74' lang='lat' dir='ltr'>editionis</span> <span class='ocrx_word' id='word_1_126' title='bbox 208 1698 237 1754; x_wconf 92' lang='lat' dir='ltr'><strong>p.</strong></span> <span class='ocrx_word' id='word_1_127' title='bbox 251 1680 301 1755; x_wconf 91' lang='grc'><strong>18,</strong></span> <span class='ocrx_word' id='word_1_128' title='bbox 313 1679 452 1753; x_wconf 77' lang='grc'><em>12-20,</em></span> <span class='ocrx_word' id='word_1_129' title='bbox 464 1679 504 1737; x_wconf 83' lang='grc'><strong>12</strong></span> <span class='ocrx_word' id='word_1_130' title='bbox 529 1678 684 1756; x_wconf 83' lang='lat' dir='ltr'><strong>leguntur:</strong></span> <span class='ocrx_word' id='word_1_131' title='bbox 707 1679 849 1754; x_wconf 86' lang='lat' dir='ltr'><strong>ploraque</strong></span> <span class='ocrx_word' id='word_1_132' title='bbox 869 1677 948 1736; x_wconf 86' lang='lat' dir='ltr'><strong>enim</strong></span> <span class='ocrx_word' id='word_1_133' title='bbox 961 1678 1068 1737; x_wconf 85' lang='lat' dir='ltr'><strong>horum</strong></span> 
     </span>
     <span class='ocr_line' id='line_1_17' title="bbox 65 1766 1066 1843; baseline 0 -19"><span class='ocrx_word' id='word_1_134' title='bbox 65 1783 189 1825; x_wconf 84' lang='lat' dir='ltr'><strong>versuum</strong></span> <span class='ocrx_word' id='word_1_135' title='bbox 207 1766 298 1827; x_wconf 82' lang='lat' dir='ltr'><strong>verba</strong></span> <span class='ocrx_word' id='word_1_136' title='bbox 321 1785 395 1826; x_wconf 90' lang='lat' dir='ltr'><strong>cum·</strong></span> <span class='ocrx_word' id='word_1_137' title='bbox 410 1766 533 1843; x_wconf 90' lang='lat' dir='ltr'><strong>reliquis</strong></span> <span class='ocrx_word' id='word_1_138' title='bbox 552 1766 695 1843; x_wconf 87' lang='lat' dir='ltr'><strong>Lydianis</strong></span> <span class='ocrx_word' id='word_1_139' title='bbox 713 1766 863 1826; x_wconf 84' lang='lat' dir='ltr'><strong>codicibus</strong></span> <span class='ocrx_word' id='word_1_140' title='bbox 881 1766 1066 1842; x_wconf 79' lang='lat' dir='ltr'><strong>conspirant3</strong></span> 
     </span>
     <span class='ocr_line' id='line_1_18' title="bbox 65 1852 1067 1933; baseline 0.003 -23"><span class='ocrx_word' id='word_1_141' title='bbox 65 1852 108 1912; x_wconf 89' lang='lat' dir='ltr'><strong>ubi</strong></span> <span class='ocrx_word' id='word_1_142' title='bbox 128 1874 194 1916; x_wconf 77' lang='lat' dir='ltr'><strong>vero</strong></span> <span class='ocrx_word' id='word_1_143' title='bbox 218 1854 354 1931; x_wconf 81' lang='lat' dir='ltr'><strong>pleniora</strong></span> <span class='ocrx_word' id='word_1_144' title='bbox 377 1857 461 1933; x_wconf 86' lang='lat' dir='ltr'><strong>sunt,</strong></span> <span class='ocrx_word' id='word_1_145' title='bbox 490 1856 556 1932; x_wconf 89' lang='lat' dir='ltr'><strong>ipso</strong></span> <span class='ocrx_word' id='word_1_146' title='bbox 587 1855 801 1916; x_wconf 81' lang='lat' dir='ltr'><strong>sententiarum</strong></span> <span class='ocrx_word' id='word_1_147' title='bbox 831 1874 918 1914; x_wconf 84' lang='lat' dir='ltr'><strong>nexu·</strong></span> <span class='ocrx_word' id='word_1_148' title='bbox 937 1855 1067 1932; x_wconf 86' lang='lat' dir='ltr'><strong>genuina</strong></span> 
     </span>
     <span class='ocr_line' id='line_1_19' title="bbox 64 1941 1067 2020; baseline 0.001 -20"><span class='ocrx_word' id='word_1_149' title='bbox 64 1941 112 2000; x_wconf 85' lang='lat' dir='ltr'><strong>illa</strong></span> <span class='ocrx_word' id='word_1_150' title='bbox 140 1963 200 2004; x_wconf 87' lang='lat' dir='ltr'><strong>asse</strong></span> <span class='ocrx_word' id='word_1_151' title='bbox 233 1944 471 2020; x_wconf 87' lang='lat' dir='ltr'><strong>demonstratur,</strong></span> <span class='ocrx_word' id='word_1_152' title='bbox 507 1963 575 2005; x_wconf 91' lang='lat' dir='ltr'><strong>cum</strong></span> <span class='ocrx_word' id='word_1_153' title='bbox 610 1945 642 2003; x_wconf 93' lang='lat' dir='ltr'><strong>in</strong></span> <span class='ocrx_word' id='word_1_154' title='bbox 673 1944 796 2020; x_wconf 89' lang='lat' dir='ltr'><strong>reliquis</strong></span> <span class='ocrx_word' id='word_1_155' title='bbox 829 1944 944 2020; x_wconf 91' lang='lat' dir='ltr'><strong>aliquid</strong></span> <span class='ocrx_word' id='word_1_156' title='bbox 975 1943 1067 2003; x_wconf 89' lang='lat' dir='ltr'><strong>inter·</strong></span> 
     </span>
     <span class='ocr_line' id='line_1_20' title="bbox 64 2031 1067 2110; baseline 0.003 -22"><span class='ocrx_word' id='word_1_157' title='bbox 64 2031 157 2092; x_wconf 85' lang='lat' dir='ltr'><strong>cidisse</strong></span> <span class='ocrx_word' id='word_1_158' title='bbox 179 2034 293 2110; x_wconf 85' lang='lat' dir='ltr'><strong>pateat.</strong></span> <span class='ocrx_word' id='word_1_159' title='bbox 337 2033 468 2109; x_wconf 87' lang='lat' dir='ltr'><strong>protulit</strong></span> <span class='ocrx_word' id='word_1_160' title='bbox 493 2036 594 2092; x_wconf 86' lang='lat' dir='ltr'><strong>autem</strong></span> <span class='ocrx_word' id='word_1_161' title='bbox 623 2032 773 2109; x_wconf 90' lang='lat' dir='ltr'><strong>quondam</strong></span> <span class='ocrx_word' id='word_1_162' title='bbox 802 2033 834 2090; x_wconf 92' lang='lat' dir='ltr'><strong>in</strong></span> <span class='ocrx_word' id='word_1_163' title='bbox 863 2033 961 2091; x_wconf 90' lang='lat' dir='ltr'><strong>lucem</strong></span> <span class='ocrx_word' id='word_1_164' title='bbox 989 2033 1067 2091; x_wconf 89' lang='lat' dir='ltr'><strong>hanc</strong></span> 
     </span>
     <span class='ocr_line' id='line_1_21' title="bbox 63 2119 1067 2200; baseline 0 -20"><span class='ocrx_word' id='word_1_165' title='bbox 63 2122 274 2200; x_wconf 73' lang='lat' dir='ltr'><strong>paragraphum</strong></span> <span class='ocrx_word' id='word_1_166' title='bbox 292 2121 377 2198; x_wconf 83' lang='lat' dir='ltr'><strong>Lydo</strong></span> <span class='ocrx_word' id='word_1_167' title='bbox 395 2122 427 2180; x_wconf 89' lang='lat' dir='ltr'><strong>in</strong></span> <span class='ocrx_word' id='word_1_168' title='bbox 448 2122 702 2199; x_wconf 84' lang='lat' dir='ltr'><strong>comparationem</strong></span> <span class='ocrx_word' id='word_1_169' title='bbox 719 2123 826 2182; x_wconf 82' lang='lat' dir='ltr'><strong>vocato</strong></span> <span class='ocrx_word' id='word_1_170' title='bbox 844 2119 1067 2197; x_wconf 73' lang='lat' dir='ltr'><strong>BoissonadiuS,</strong></span> 
     </span>
     <span class='ocr_line' id='line_1_22' title="bbox 65 2208 1066 2290; baseline 0.003 -23"><span class='ocrx_word' id='word_1_171' title='bbox 65 2208 164 2270; x_wconf 83' lang='lat' dir='ltr'><strong>Anecd.</strong></span> <span class='ocrx_word' id='word_1_172' title='bbox 177 2230 275 2290; x_wconf 82' lang='lat' dir='ltr'><strong>graec.</strong></span> <span class='ocrx_word' id='word_1_173' title='bbox 288 2210 304 2269; x_wconf 96' lang='grc' dir='ltr'>Ι</span> <span class='ocrx_word' id='word_1_174' title='bbox 319 2213 428 2287; x_wconf 80' lang='lat' dir='ltr'><strong>p..420</strong></span> <span class='ocrx_word' id='word_1_175' title='bbox 443 2229 517 2289; x_wconf 83' lang='lat' dir='ltr'><strong>sqq,</strong></span> <span class='ocrx_word' id='word_1_176' title='bbox 539 2231 600 2270; x_wconf 90' lang='lat' dir='ltr'><strong>non</strong></span> <span class='ocrx_word' id='word_1_177' title='bbox 621 2210 680 2268; x_wconf 87' lang='lat' dir='ltr'><strong>nisi</strong></span> <span class='ocrx_word' id='word_1_178' title='bbox 702 2209 735 2269; x_wconf 90' lang='lat' dir='ltr'><strong>in</strong></span> <span class='ocrx_word' id='word_1_179' title='bbox 756 2209 913 2270; x_wconf 84' lang='lat' dir='ltr'><strong>levissimis</strong></span> <span class='ocrx_word' id='word_1_180' title='bbox 931 2209 1066 2270; x_wconf 86' lang='lat' dir='ltr'><strong>minutiis</strong></span> 
     </span>
     <span class='ocr_line' id='line_1_23' title="bbox 64 2296 957 2378; baseline 0.002 -21"><span class='ocrx_word' id='word_1_181' title='bbox 64 2296 220 2375; x_wconf 84' lang='lat' dir='ltr'><strong>discrepans</strong></span> <span class='ocrx_word' id='word_1_182' title='bbox 244 2299 282 2358; x_wconf 88' lang='lat' dir='ltr'><strong>ab</strong></span> <span class='ocrx_word' id='word_1_183' title='bbox 305 2299 343 2360; x_wconf 87' lang='lat' dir='ltr'><strong>iis</strong></span> <span class='ocrx_word' id='word_1_184' title='bbox 367 2318 443 2376; x_wconf 87' lang='lat' dir='ltr'><strong>quae</strong></span> <span class='ocrx_word' id='word_1_185' title='bbox 465 2301 529 2376; x_wconf 90' lang='lat' dir='ltr'><strong>ipse</strong></span> <span class='ocrx_word' id='word_1_186' title='bbox 552 2299 626 2358; x_wconf 91' lang='lat' dir='ltr'><strong>mihi</strong></span> <span class='ocrx_word' id='word_1_187' title='bbox 648 2299 756 2378; x_wconf 78' lang='lat' dir='ltr'><strong>legisse</strong></span> <span class='ocrx_word' id='word_1_188' title='bbox 778 2298 859 2360; x_wconf 80' lang='lat' dir='ltr'><strong>visus</strong></span> <span class='ocrx_word' id='word_1_189' title='bbox 883 2317 957 2359; x_wconf 90' lang='lat' dir='ltr'><strong>sum.</strong></span> 
     </span>
    </p>
   </div>
   <div class='ocr_carea' id='block_1_3' title="bbox 62 2440 1067 3676">
    <p class='ocr_par' dir='ltr' id='par_1_4' title="bbox 62 2440 1067 3676">
     <span class='ocr_line' id='line_1_24' title="bbox 121 2440 1067 2516; baseline -0.001 -16"><span class='ocrx_word' id='word_1_190' title='bbox 121 2440 184 2500; x_wconf 81' lang='lat' dir='ltr'><strong>Iam</strong></span> <span class='ocrx_word' id='word_1_191' title='bbox 206 2441 281 2500; x_wconf 86' lang='lat' dir='ltr'><strong>folio</strong></span> <span class='ocrx_word' id='word_1_192' title='bbox 305 2442 367 2500; x_wconf 76' lang='lat' dir='ltr'><strong>81v</strong></span> <span class='ocrx_word' id='word_1_193' title='bbox 388 2440 493 2501; x_wconf 87' lang='lat' dir='ltr'><strong>finitur</strong></span> <span class='ocrx_word' id='word_1_194' title='bbox 520 2441 553 2500; x_wconf 89' lang='lat' dir='ltr'><strong>in</strong></span> <span class='ocrx_word' id='word_1_195' title='bbox 582 2441 681 2502; x_wconf 89' lang='lat' dir='ltr'><strong>codice</strong></span> <span class='ocrx_word' id='word_1_196' title='bbox 704 2441 728 2499; x_wconf 94' lang='lat' dir='ltr'>P</span> <span class='ocrx_word' id='word_1_197' title='bbox 752 2442 925 2516; x_wconf 84' lang='lat' dir='ltr'><strong>conspectus</strong></span> <span class='ocrx_word' id='word_1_198' title='bbox 953 2441 1067 2500; x_wconf 87' lang='lat' dir='ltr'><strong>dierum</strong></span> 
     </span>
     <span class='ocr_line' id='line_1_25' title="bbox 65 2529 1067 2605; baseline 0.002 -19"><span class='ocrx_word' id='word_1_199' title='bbox 65 2529 176 2602; x_wconf 77' lang='lat' dir='ltr'><strong>quidam</strong></span> <span class='ocrx_word' id='word_1_200' title='bbox 198 2530 362 2590; x_wconf 89' lang='lat' dir='ltr'><strong>secundum</strong></span> <span class='ocrx_word' id='word_1_201' title='bbox 383 2529 474 2589; x_wconf 86' lang='lat' dir='ltr'><strong>lunae</strong></span> <span class='ocrx_word' id='word_1_202' title='bbox 497 2549 619 2589; x_wconf 86' lang='lat' dir='ltr'><strong>cursum</strong></span> <span class='ocrx_word' id='word_1_203' title='bbox 645 2530 817 2604; x_wconf 79' lang='lat' dir='ltr'><strong>institutae,</strong></span> <span class='ocrx_word' id='word_1_204' title='bbox 845 2548 934 2605; x_wconf 89' lang='lat' dir='ltr'><strong>quem</strong></span> <span class='ocrx_word' id='word_1_205' title='bbox 957 2529 1067 2605; x_wconf 87' lang='lat' dir='ltr'><strong>excipit</strong></span> 
     </span>
     <span class='ocr_line' id='line_1_26' title="bbox 64 2618 1067 2697; baseline 0.002 -22"><span class='ocrx_word' id='word_1_206' title='bbox 64 2618 202 2678; x_wconf 85' lang='lat' dir='ltr'><strong>tractatus</strong></span> <span class='ocrx_word' id='word_1_207' title='bbox 226 2620 262 2678; x_wconf 91' lang='lat' dir='ltr'><strong>de</strong></span> <span class='ocrx_word' id='word_1_208' title='bbox 284 2619 470 2697; x_wconf 81' lang='lat' dir='ltr'><strong>singulorum</strong></span> <span class='ocrx_word' id='word_1_209' title='bbox 498 2619 645 2679; x_wconf 89' lang='lat' dir='ltr'><strong>mensium</strong></span> <span class='ocrx_word' id='word_1_210' title='bbox 674 2619 776 2677; x_wconf 88' lang='lat' dir='ltr'><strong>diebus</strong></span> <span class='ocrx_word' id='word_1_211' title='bbox 806 2636 966 2694; x_wconf 89' lang='lat' dir='ltr'><strong>eorumque</strong></span> <span class='ocrx_word' id='word_1_212' title='bbox 989 2638 1067 2678; x_wconf 90' lang='lat' dir='ltr'><strong>com·</strong></span> 
     </span>
     <span class='ocr_line' id='line_1_27' title="bbox 62 2707 1066 2785; baseline 0.003 -22"><span class='ocrx_word' id='word_1_213' title='bbox 62 2709 128 2780; x_wconf 89' lang='lat' dir='ltr'><strong>puto</strong></span> <span class='ocrx_word' id='word_1_214' title='bbox 146 2707 248 2768; x_wconf 89' lang='lat' dir='ltr'><strong>eadem</strong></span> <span class='ocrx_word' id='word_1_215' title='bbox 262 2708 323 2767; x_wconf 82' lang='lat' dir='ltr'><strong>fere</strong></span> <span class='ocrx_word' id='word_1_216' title='bbox 342 2709 540 2784; x_wconf 84' lang='lat' dir='ltr'><strong>complectens</strong></span> <span class='ocrx_word' id='word_1_217' title='bbox 559 2725 635 2785; x_wconf 85' lang='lat' dir='ltr'><strong>quae</strong></span> <span class='ocrx_word' id='word_1_218' title='bbox 654 2710 792 2783; x_wconf 85' lang='lat' dir='ltr'><strong>excerpta</strong></span> <span class='ocrx_word' id='word_1_219' title='bbox 809 2707 864 2766; x_wconf 88' lang='lat' dir='ltr'><strong>illa</strong></span> <span class='ocrx_word' id='word_1_220' title='bbox 881 2707 1066 2784; x_wconf 88' lang='lat' dir='ltr'><strong>reliquorum</strong></span> 
     </span>
     <span class='ocr_line' id='line_1_28' title="bbox 63 2793 1067 2877; baseline 0.002 -25"><span class='ocrx_word' id='word_1_221' title='bbox 63 2795 203 2875; x_wconf 82' lang='lat' dir='ltr'><strong>codicum,</strong></span> <span class='ocrx_word' id='word_1_222' title='bbox 241 2796 349 2875; x_wconf 88' lang='lat' dir='ltr'><strong>quibus</strong></span> <span class='ocrx_word' id='word_1_223' title='bbox 385 2794 452 2877; x_wconf 78' lang='grc' dir='ltr'><strong><em>περὶ</em></strong></span> <span class='ocrx_word' id='word_1_224' title='bbox 487 2793 622 2876; x_wconf 78' lang='grc' dir='ltr'><em>βισὲξτον</em></span> <span class='ocrx_word' id='word_1_225' title='bbox 657 2795 817 2856; x_wconf 89' lang='lat' dir='ltr'><strong>inscribere</strong></span> <span class='ocrx_word' id='word_1_226' title='bbox 853 2797 963 2856; x_wconf 62' lang='lat' dir='ltr'><strong>solent:</strong></span> <span class='ocrx_word' id='word_1_227' title='bbox 1014 2796 1067 2873; x_wconf 88' lang='lat' dir='ltr'><strong>qui</strong></span> 
     </span>
     <span class='ocr_line' id='line_1_29' title="bbox 65 2885 1067 2963; baseline 0.001 -22"><span class='ocrx_word' id='word_1_228' title='bbox 65 2887 191 2958; x_wconf 76' lang='lat' dir='ltr'><strong>quamvis</strong></span> <span class='ocrx_word' id='word_1_229' title='bbox 215 2905 231 2946; x_wconf 87' lang='lat' dir='ltr'><strong>a</strong></span> <span class='ocrx_word' id='word_1_230' title='bbox 254 2886 338 2962; x_wconf 86' lang='lat' dir='ltr'><strong>Lydo</strong></span> <span class='ocrx_word' id='word_1_231' title='bbox 362 2886 556 2963; x_wconf 87' lang='lat' dir='ltr'><strong>depromptus</strong></span> <span class='ocrx_word' id='word_1_232' title='bbox 579 2885 631 2961; x_wconf 79' lang='lat' dir='ltr'><strong>sit,</strong></span> <span class='ocrx_word' id='word_1_233' title='bbox 661 2887 762 2944; x_wconf 85' lang='lat' dir='ltr'><strong>tamen</strong></span> <span class='ocrx_word' id='word_1_234' title='bbox 792 2887 915 2961; x_wconf 88' lang='lat' dir='ltr'><strong>propter</strong></span> <span class='ocrx_word' id='word_1_235' title='bbox 943 2885 1067 2944; x_wconf 90' lang='lat' dir='ltr'><strong>nimiam</strong></span> 
     </span>
     <span class='ocr_line' id='line_1_30' title="bbox 64 2970 1067 3049; baseline 0 -17"><span class='ocrx_word' id='word_1_236' title='bbox 64 2970 294 3034; x_wconf 86' lang='lat' dir='ltr'><strong>immutationem</strong></span> <span class='ocrx_word' id='word_1_237' title='bbox 325 2974 483 3035; x_wconf 81' lang='lat' dir='ltr'><strong>verborum</strong></span> <span class='ocrx_word' id='word_1_238' title='bbox 514 2974 600 3035; x_wconf 90' lang='lat' dir='ltr'><strong>nobis</strong></span> <span class='ocrx_word' id='word_1_239' title='bbox 632 2974 700 3034; x_wconf 89' lang='lat' dir='ltr'><strong>usui</strong></span> <span class='ocrx_word' id='word_1_240' title='bbox 731 2992 792 3033; x_wconf 91' lang='lat' dir='ltr'><strong>non</strong></span> <span class='ocrx_word' id='word_1_241' title='bbox 824 2975 877 3032; x_wconf 92' lang='lat' dir='ltr'><strong>est.</strong></span> <span class='ocrx_word' id='word_1_242' title='bbox 932 2974 1067 3049; x_wconf 88' lang='lat' dir='ltr'><strong>sequitur</strong></span> 
     </span>
     <span class='ocr_line' id='line_1_31' title="bbox 63 3055 1067 3139; baseline 0.004 -23"><span class='ocrx_word' id='word_1_243' title='bbox 63 3063 156 3122; x_wconf 86' lang='lat' dir='ltr'><strong>autem</strong></span> <span class='ocrx_word' id='word_1_244' title='bbox 178 3057 357 3123; x_wconf 77' lang='lat' dir='ltr'><strong>dissertatio</strong></span> <span class='ocrx_word' id='word_1_245' title='bbox 371 3063 518 3139; x_wconf 77' lang='lat' dir='ltr'><strong>quaedam</strong></span> <span class='ocrx_word' id='word_1_246' title='bbox 538 3055 575 3123; x_wconf 80' lang='lat' dir='ltr'><strong>de</strong></span> <span class='ocrx_word' id='word_1_247' title='bbox 593 3062 739 3123; x_wconf 85' lang='lat' dir='ltr'><strong>novilunii</strong></span> <span class='ocrx_word' id='word_1_248' title='bbox 757 3061 848 3138; x_wconf 85' lang='lat' dir='ltr'><strong>fariis,</strong></span> <span class='ocrx_word' id='word_1_249' title='bbox 872 3081 932 3138; x_wconf 88' lang='lat' dir='ltr'><strong>qua</strong></span> <span class='ocrx_word' id='word_1_250' title='bbox 949 3062 1067 3139; x_wconf 81' lang='lat' dir='ltr'><strong>integra</strong></span> 
     </span>
     <span class='ocr_line' id='line_1_32' title="bbox 63 3143 1066 3212; baseline 0 -6"><span class='ocrx_word' id='word_1_251' title='bbox 63 3155 174 3212; x_wconf 83' lang='lat' dir='ltr'><strong>servata</strong></span> <span class='ocrx_word' id='word_1_252' title='bbox 196 3171 258 3212; x_wconf 86' lang='lat' dir='ltr'><strong>esse</strong></span> <span class='ocrx_word' id='word_1_253' title='bbox 286 3151 425 3212; x_wconf 78' lang='lat' dir='ltr'><strong>videntur</strong></span> <span class='ocrx_word' id='word_1_254' title='bbox 447 3152 602 3212; x_wconf 86' lang='lat' dir='ltr'><strong>Laurentii</strong></span> <span class='ocrx_word' id='word_1_255' title='bbox 623 3143 727 3212; x_wconf 85' lang='lat' dir='ltr'><strong>verba:</strong></span> <span class='ocrx_word' id='word_1_256' title='bbox 754 3150 870 3210; x_wconf 86' lang='lat' dir='ltr'><strong>faciunt</strong></span> <span class='ocrx_word' id='word_1_257' title='bbox 898 3150 976 3208; x_wconf 90' lang='lat' dir='ltr'><strong>enim</strong></span> <span class='ocrx_word' id='word_1_258' title='bbox 997 3148 1066 3207; x_wconf 90' lang='lat' dir='ltr'><strong>inde</strong></span> 
     </span>
     <span class='ocr_line' id='line_1_33' title="bbox 65 3238 1065 3318; baseline -0.005 -18"><span class='ocrx_word' id='word_1_259' title='bbox 65 3242 199 3318; x_wconf 76' lang='lat' dir='ltr'><strong>apoc,</strong></span> <span class='ocrx_word' id='word_1_260' title='bbox 221 3243 260 3300; x_wconf 91' lang='lat'><strong>11</strong></span> <span class='ocrx_word' id='word_1_261' title='bbox 291 3259 359 3300; x_wconf 90' lang='lat' dir='ltr'><strong>cum</strong></span> <span class='ocrx_word' id='word_1_262' title='bbox 386 3241 410 3299; x_wconf 94' lang='lat' dir='ltr'>P</span> <span class='ocrx_word' id='word_1_263' title='bbox 437 3241 547 3317; x_wconf 87' lang='lat' dir='ltr'><strong>reliqui</strong></span> <span class='ocrx_word' id='word_1_264' title='bbox 575 3260 694 3317; x_wconf 90' lang='lat' dir='ltr'><strong>quoque</strong></span> <span class='ocrx_word' id='word_1_265' title='bbox 721 3239 843 3300; x_wconf 86' lang='lat' dir='ltr'><strong>codices.</strong></span> <span class='ocrx_word' id='word_1_266' title='bbox 889 3238 969 3298; x_wconf 91' lang='lat' dir='ltr'><strong>felici</strong></span> <span class='ocrx_word' id='word_1_267' title='bbox 996 3255 1065 3297; x_wconf 82' lang='lat' dir='ltr'><strong>vero</strong></span> 
     </span>
     <span class='ocr_line' id='line_1_34' title="bbox 63 3325 1066 3408; baseline -0.001 -24"><span class='ocrx_word' id='word_1_268' title='bbox 63 3343 128 3386; x_wconf 86' lang='lat' dir='ltr'><strong>casu</strong></span> <span class='ocrx_word' id='word_1_269' title='bbox 153 3330 273 3408; x_wconf 87' lang='lat' dir='ltr'><strong>accidit,</strong></span> <span class='ocrx_word' id='word_1_270' title='bbox 304 3327 398 3389; x_wconf 88' lang='lat' dir='ltr'><strong>utin</strong></span> <span class='ocrx_word' id='word_1_271' title='bbox 426 3348 461 3389; x_wconf 84' lang='lat' dir='ltr'><strong>ea</strong></span> <span class='ocrx_word' id='word_1_272' title='bbox 488 3348 566 3406; x_wconf 85' lang='lat' dir='ltr'><strong>quac</strong></span> <span class='ocrx_word' id='word_1_273' title='bbox 592 3349 671 3390; x_wconf 90' lang='lat' dir='ltr'><strong>nunc</strong></span> <span class='ocrx_word' id='word_1_274' title='bbox 698 3347 776 3388; x_wconf 85' lang='lat' dir='ltr'><strong>nova</strong></span> <span class='ocrx_word' id='word_1_275' title='bbox 808 3326 932 3388; x_wconf 84' lang='lat' dir='ltr'><strong>accessit</strong></span> <span class='ocrx_word' id='word_1_276' title='bbox 962 3325 1066 3384; x_wconf 82' lang='lat' dir='ltr'><strong>fabula</strong></span> 
     </span>
     <span class='ocr_line' id='line_1_35' title="bbox 65 3406 1066 3498; baseline -0.003 -22"><span class='ocrx_word' id='word_1_277' title='bbox 65 3413 96 3472; x_wconf 81' lang='lat' dir='ltr'><strong>(le</strong></span> <span class='ocrx_word' id='word_1_278' title='bbox 124 3420 252 3478; x_wconf 87' lang='lat' dir='ltr'><strong>murium</strong></span> <span class='ocrx_word' id='word_1_279' title='bbox 283 3418 411 3479; x_wconf 75' lang='lat' dir='ltr'><strong>iocinore</strong></span> <span class='ocrx_word' id='word_1_280' title='bbox 443 3437 479 3477; x_wconf 88' lang='lat' dir='ltr'><strong>ex</strong></span> <span class='ocrx_word' id='word_1_281' title='bbox 506 3417 652 3478; x_wconf 84' lang='lat' dir='ltr'><strong>Archelao</strong></span> <span class='ocrx_word' id='word_1_282' title='bbox 679 3417 781 3494; x_wconf 85' lang='lat' dir='ltr'><strong>petita</strong></span> <span class='ocrx_word' id='word_1_283' title='bbox 806 3407 848 3498; x_wconf 88' lang='lat' dir='ltr'><strong>(p.</strong></span> <span class='ocrx_word' id='word_1_284' title='bbox 873 3416 953 3491; x_wconf 83' lang='grc'><em>52,6</em></span> <span class='ocrx_word' id='word_1_285' title='bbox 974 3406 1066 3496; x_wconf 79' lang='lat' dir='ltr'><strong>sqq),</strong></span> 
     </span>
     <span class='ocr_line' id='line_1_36' title="bbox 63 3501 1066 3584; baseline 0.002 -25"><span class='ocrx_word' id='word_1_286' title='bbox 63 3501 166 3566; x_wconf 82' lang='lat' dir='ltr'><strong>diserto</strong></span> <span class='ocrx_word' id='word_1_287' title='bbox 191 3507 288 3584; x_wconf 84' lang='lat' dir='ltr'><strong>ipsius</strong></span> <span class='ocrx_word' id='word_1_288' title='bbox 310 3507 466 3566; x_wconf 89' lang='lat' dir='ltr'><strong>Laurentii</strong></span> <span class='ocrx_word' id='word_1_289' title='bbox 495 3508 666 3567; x_wconf 86' lang='lat' dir='ltr'><strong>testimonio</strong></span> <span class='ocrx_word' id='word_1_290' title='bbox 695 3507 961 3579; x_wconf 81' lang='lat' dir='ltr'><strong>demonstraretur,</strong></span> <span class='ocrx_word' id='word_1_291' title='bbox 991 3503 1066 3563; x_wconf 92' lang='lat' dir='ltr'><strong>refe·</strong></span> 
     </span>
     <span class='ocr_line' id='line_1_37' title="bbox 65 3587 1063 3676; baseline 0 -26"><span class='ocrx_word' id='word_1_292' title='bbox 65 3593 178 3654; x_wconf 84' lang='lat' dir='ltr'><strong>rendum</strong></span> <span class='ocrx_word' id='word_1_293' title='bbox 199 3597 285 3656; x_wconf 90' lang='lat' dir='ltr'><strong>illam</strong></span> <span class='ocrx_word' id='word_1_294' title='bbox 304 3615 365 3656; x_wconf 89' lang='lat' dir='ltr'><strong>esse</strong></span> <span class='ocrx_word' id='word_1_295' title='bbox 389 3595 428 3655; x_wconf 90' lang='lat' dir='ltr'><strong>ad</strong></span> <span class='ocrx_word' id='word_1_296' title='bbox 449 3595 559 3656; x_wconf 84' lang='lat' dir='ltr'><strong>librum</strong></span> <span class='ocrx_word' id='word_1_297' title='bbox 581 3597 616 3655; x_wconf 89' lang='lat' dir='ltr'><strong>dc</strong></span> <span class='ocrx_word' id='word_1_298' title='bbox 636 3594 786 3655; x_wconf 88' lang='lat' dir='ltr'><strong>mensibus</strong></span> <span class='ocrx_word' id='word_1_299' title='bbox 805 3587 856 3676; x_wconf 86' lang='lat' dir='ltr'><strong>(de</strong></span> <span class='ocrx_word' id='word_1_300' title='bbox 870 3595 925 3653; x_wconf 88' lang='lat' dir='ltr'><strong>ost.</strong></span> <span class='ocrx_word' id='word_1_301' title='bbox 940 3613 968 3669; x_wconf 95' lang='lat' dir='ltr'><strong>p.</strong></span> <span class='ocrx_word' id='word_1_302' title='bbox 984 3594 1063 3668; x_wconf 90' lang='grc'><strong>16,1</strong></span> 
     </span>
    </p>
   </div>
   <div class='ocr_carea' id='block_1_4' title="bbox 110 3702 908 3748">
    <p class='ocr_par' dir='ltr' id='par_1_5' title="bbox 110 3702 908 3748">
     <span class='ocr_line' id='line_1_38' title="bbox 110 3702 908 3748; baseline 0.013 -7"><span class='ocrx_word' id='word_1_303' title='bbox 110 3702 190 3747; x_wconf 66' lang='lat' dir='ltr'><strong>Iatour</strong></span> <span class='ocrx_word' id='word_1_304' title='bbox 204 3706 239 3746; x_wconf 85' lang='lat' dir='ltr'><strong>od.</strong></span> <span class='ocrx_word' id='word_1_305' title='bbox 252 3705 402 3748; x_wconf 82' lang='lat' dir='ltr'><strong>Wuenrch.</strong></span> <span class='ocrx_word' id='word_1_306' title='bbox 892 3706 908 3746; x_wconf 76' lang='grc' dir='ltr'><strong>θ</strong></span> 
     </span>
    </p>
   </div>
   <div class='ocr_carea' id='block_1_5' title="bbox 0 0 1266 3984">
    <p class='ocr_par' dir='ltr' id='par_1_6' title="bbox 0 0 1266 3984">
     <span class='ocr_line' id='line_1_39' title="bbox 0 0 1266 3984; baseline 0 0"><span class='ocrx_word' id='word_1_307' title='bbox 0 0 1266 3984; x_wconf 95' lang='lat' dir='ltr'><strong> </strong></span> 
     </span>
    </p>
   </div>
  </div>
 </body>
</html>
