2530 3988
350 223 459 278 LIBER
477 221 654 290 QUARTUS.
682 225 824 280 APRILIS
1032 225 1092 290 121

76 385 140 451 καὶ
160 385 349 473 τριέσπερος
373 387 501 470 λέγεται
523 389 605 453 κατὰ
628 392 844 475 Λυκόφρονα,
868 387 951 472 φησὶ
974 391 1051 475 γάρ·
1110 397 1136 453 X

237 492 435 579 τριεσπέρου
458 493 601 578 λέοντος,
626 495 666 561 δν
688 514 767 561 ποτε
790 496 933 578 γνάθοις

242 605 408 686 Τρίτωνος
430 600 582 686 ἠμάλαύε
605 604 769 687 κάρχαρος
790 603 891 667 κύων.

74 708 118 772 τὸ
147 710 208 791 γάρ
239 705 328 790 τρισὶ
355 705 452 786 νυξὶν
480 706 646 791 έσπάρθαι
675 709 735 773 τὸν
756 707 920 794 Ἡρακλέα
947 711 1095 794 μυθικόν

75 812 176 880 ἐστιν.
218 812 330 898 Ἥβην
357 809 395 878 δέ
424 817 655 899 καλλίσφυρον
684 814 774 902 αὐτῷ
803 815 958 898 δίδωσιν,
989 812 1092 879 οἱονεὶ
1121 839 1135 881 ε

74 921 139 1003 την
157 921 400 1006 δημιουργικὴν
419 921 575 1005 δύναμιν,
598 919 654 986 καὶ
673 922 711 986 τὸ
729 923 832 987 καλὸν
851 922 888 986 τὸ
908 921 1093 1005 έγκόσμιον.

74 1025 96 1090 δ
120 1023 156 1091 δὲ
179 1025 343 1111 στέφανος
366 1029 569 1110 τελειότητος
592 1028 710 1112 δεῖγμά
734 1027 816 1094 έστι·
845 1029 898 1093 διὸ
922 1027 963 1110 δὴ
987 1032 1081 1102 θεοῖς
1095 1037 1148 1093 XS

73 1131 131 1196 καλ
161 1136 334 1217 βασιλεῦσι
363 1132 419 1199 καὶ
448 1135 595 1220 ἱερεῦσιν
622 1133 753 1200 έδίδοτο
780 1135 926 1221 πρώτως.
972 1141 1031 1218 τῆς
1057 1129 1134 1198 δδΧ

74 1239 175 1324 τύχης
198 1239 405 1325 ἀφελομέυης
431 1243 521 1326 παρὰ
543 1249 602 1324 τῆς
629 1240 747 1327 ἀρετῆς
769 1243 829 1307 τὸν
856 1239 1033 1325 στέφανον,
1062 1241 1095 1306 ολ

74 1347 174 1431 ἱερεῖς
196 1348 234 1412 τὸ
258 1348 378 1413 λυιπδν
400 1346 653 1433 άπακειρύμενοι
673 1349 733 1432 την
750 1350 857 1432 κόμην
875 1348 1000 1412 κύκλον
1018 1348 1093 1412 τινὰ
1107 1373 1137 1412 ιο

73 1465 198 1538 τριχῶν
222 1451 298 1519 ἀντὶ
320 1455 490 1538 στεφάνου
512 1464 552 1540 τῇ
575 1460 703 1541 κεφαλῇ
724 1461 947 1539 περιποιοῦσι.
993 1455 1095 1519 δωδε-

73 1561 249 1645 κάμοχθύν
271 1583 309 1642 γε
328 1561 397 1645 μὴν
414 1560 518 1626 αὐτόν
538 1575 632 1645 φασι,
656 1562 712 1625 διά
731 1563 769 1626 τὸ
787 1561 828 1625 τά
847 1561 976 1626 δώδεκα
995 1562 1095 1639 ζωδία

72 1665 249 1753 ἐκτρέχειν.
294 1665 350 1731 καὶ
376 1668 439 1750 τὴν
453 1665 632 1750 ’Ἄλκηστιν
659 1663 696 1731 δὲ
723 1675 769 1754 τῷ
785 1665 939 1754 ’Ἀδμήτῳ
967 1665 1095 1743 ἀναφυ-

74 1775 185 1856 χύσας
203 1772 421 1857 ἀποδίδωσιν,
441 1765 515 1838 οἷον
532 1781 579 1861 τῷ
597 1776 709 1861 κόσμῳ
728 1775 790 1857 τὴν
808 1775 976 1855 ζωογόνον
990 1773 1095 1856 φύσιν

74 1879 113 1944 ἐν
128 1887 178 1968 τςῦ
202 1891 339 1964 χειμῶνι
361 1887 672 1965 κατανεκρωθεῦσαν
691 1879 708 1946 6
728 1879 822 1963 ἥλιος
844 1879 1093 1945 άποκαθιστῶν·
1108 1895 1139 1946 ιτ·

65 1985 233 2072 ’Ἄδμητος
258 1989 322 2072 γάρ
351 1987 368 2053 ὁ
397 1990 519 2072 κόσμος
546 1989 635 2069 παρὰ
662 1988 700 2052 τὸ
728 1986 898 2071 ἀκάμαντα
926 1981 1012 2050 εἶναι
1039 1984 1094 2050 καὶ

74 2093 223 2173 ἀείζωον.
278 2094 428 2177 Αὐγείαν
460 2090 498 2158 δὲ
530 2095 727 2178 διαφθεῖραι
763 2093 906 2176 λέγεται·
943 2089 997 2158 καλ
1030 2093 1094 2178 γάρ

76 2199 226 2284 ἀνίσχων
248 2197 267 2265 6
290 2199 383 2282 ἥλιος
405 2202 465 2265 τὸν
489 2203 633 2286 ὄρθριον
656 2201 881 2285 διασκορπίζει
901 2201 1029 2285 καιρόν,
1054 2199 1094 2264 ὃν

75 2309 106 2372 οἱ
138 2304 259 2372 πολλοὶ
292 2307 399 2390 αὐγὴν
436 2307 664 2392 ὀνομάζουσιν.
719 2307 786 2372 ὑπὸ
819 2303 856 2372 δὲ
888 2303 1094 2392 Εὐρυσθέως

74 2414 311 2499 προστάττεται
335 2412 353 2478 6
374 2412 540 2499 Ἡρακλῆς
567 2415 646 2490 τοῦς
669 2415 869 2478 δυοκαίδεκα
892 2415 1019 2490 άθλους
1042 2411 1092 2476 έκ-
1107 2435 1138 2477 το

75 2526 197 2603 τελεῖν,
226 2517 301 2584 ἀντὶ
323 2528 384 2584 τοῦ
407 2518 426 2586 6
449 2519 542 2602 ἥλιος
569 2520 718 2585 κελεύσει
746 2529 807 2586 τοῦ
829 2521 975 2605 μεγάλου
998 2525 1093 2602 θεοῦ,

74 2626 334 2710 ἀναβαινούσης
366 2635 423 2708 τῆς
445 2624 551 2711 Ἥρας
580 2663 621 2672 -—
650 2624 755 2692 οἱονεὶ
787 2635 846 2710 τῆς
878 2629 1021 2711 σφαίρας
1050 2663 1092 2672 --

74 2733 276 2819 δυτίρροπος
306 2733 389 2820 αὐτῇ
422 2734 482 2798 τὸν
511 2733 761 2812 δωδεκαζάδιον
791 2733 966 2817 διαφεύγει
994 2731 1093 2816 οὐρα-

74 2843 145 2906 νόν.
191 2838 297 2916 οὕτως
320 2836 381 2923 μὲν
404 2841 436 2904 οἱ
460 2842 650 2924 φιλόσοφοι.
696 2838 761 2903 άπὸ
785 2834 823 2903 δὲ
845 2849 913 2904 τῶν
935 2840 1093 2923 ἱστοριῶν

75 2948 274 3034 εὑρίσκομεν
297 2943 377 3010 ἑπτά
392 2944 566 3031 Ἡρακλεῖς
585 2942 754 3029 γενέσθαι,
778 2956 911 3030 πρῶτον
930 2946 1014 3021 Διὸς
1032 2953 1092 3009 τοῦ
1107 2968 1134 3010 τε

74 3052 223 3139 Αίθέρυς
245 3050 300 3117 καὶ
320 3054 494 3135 Λυσνθόης
517 3062 575 3137 τῆς
593 3050 765 3135 Ὠκεανοῦ,
789 3051 947 3136 δεύτερον
964 3053 1093 3116 Νείλου

145 3211 169 3246 v.
187 3198 201 3246 1
221 3190 358 3262 Lycophr.
377 3188 540 3244 Alexandra
557 3209 581 3246 v.
598 3196 640 3246 33.
656 3197 691 3244 34

143 3332 169 3369 v.
190 3319 205 3367 '1
230 3313 273 3369 δτι
305 3315 320 3370 ὁ
353 3312 491 3384 στέφανος
509 3320 580 3367 -8
603 3312 713 3369 ἐδίδοτο
742 3314 764 3370 S
796 3315 799 3386 Ι
835 3319 849 3366 7
874 3313 931 3368 ἐστι
964 3313 1042 3369 omis.
1071 3315 1093 3370 S

75 3393 89 3440 8
107 3388 157 3442 καλ
177 3386 297 3455 ἱερεῦσιν
312 3385 429 3442 omis.S
499 3392 534 3440 10
551 3385 583 3440 τὸ
596 3385 708 3458 λοιπὸν]
724 3386 755 3440 τὸ
771 3385 848 3440 omis.
864 3386 892 3439 B
966 3391 998 3438 12
1018 3393 1093 3456 μῆνα

75 3459 100 3512 Β
116 3459 120 3530 Ι
136 3457 189 3512 τὸν
205 3456 242 3512 τὰ
260 3458 370 3512 δώδεκα
389 3458 427 3526 Χ,
452 3473 520 3512 corr.
541 3457 584 3511 16·
656 3462 689 3510 13
709 3454 830 3528 ἐτρέχειν
847 3457 875 3510 Α
892 3457 895 3528 λ
912 3454 1044 3525 ἀλκίστην
1063 3457 1094 3510 Χ

77 3536 110 3584 16
126 3528 279 3598 ἀδάμαντα
294 3528 453 3598 suspicatur
467 3528 498 3583 G.
513 3528 653 3581 Wissowa
720 3533 751 3580 17
772 3525 877 3598 αδγέαν
892 3529 924 3581 Χ
985 3533 1019 3582 26
1039 3530 1093 3582 δω-

77 3599 235 3664 δεκάζαδον
254 3601 282 3652 Β
355 3605 388 3653 25
408 3609 516 3668 πρῶτος
535 3599 563 3652 Β
