2530 3988
160 202 223 266 132
443 200 552 255 LIBER
570 199 747 265 QUARTUS.
775 200 890 256 MAIUS

124 371 314 431 ετοῦσθαι·
339 361 394 429 καί
418 365 530 430 ἀλλον
553 360 590 428 δέ
612 370 817 447 θαυμαστῶν
840 362 1070 449 ἐπιμέμνηται,
1098 360 1173 449 περὶ

159 466 207 538 ὧν
231 469 294 556 ἐγὼ
319 470 355 536 ἐν
379 469 474 557 ἕτέρηι
496 468 577 549 λέξιο
602 481 787 558 συγγραφή.

73 589 154 644 XHS
226 578 277 644 80.
292 572 349 643 Ἐν
358 587 398 664 τῆ
407 578 521 665 πρώτη
535 577 658 642 τούτου
668 579 749 660 <τοῦ
763 576 916 663 μηνὸς>δ
931 576 1103 664 ἀρχιερεὺς
1112 585 1218 640 RrIV53

159 686 326 773 ἐκήρυττε,
353 684 480 771 μηδένα
507 685 623 750 ποδῶν
649 683 670 768 ή
697 689 843 769 κεφαλῆς
871 685 1069 768 ολουδήποτε
1092 685 1177 764 ζάου

132 793 346 877 τγεύσασθαι
372 794 462 877 παρὰ
488 792 599 857 πάντα
626 792 686 856 τὸν
713 773 802 875 μῆνα
827 792 911 876 πρὸς
939 792 1093 876 φυλακήν
1120 789 1176 876 ἀρ-

119 911 145 963 Η
158 900 314 987 δρίτιδος
337 900 449 963 νόσου.
494 899 577 964 κατὰ
603 906 725 964 τοῦτον
752 899 812 964 τὸν
838 905 927 983 μῆνα
953 895 1010 962 καὶ
1035 897 1056 980 ἡ
1080 895 1175 983 ἑορτή

118 1016 144 1069 Χ
157 1018 227 1071 τῶν
249 1004 427 1070 Ῥοσαλίιον
456 1006 545 1089 παρά
568 1003 738 1090 Ῥωμαίοις
769 1004 918 1071 ἐτελεντο.
967 1005 1111 1088 ηὔχοντο
1138 998 1173 1067 δέ

160 1115 257 1199 Μαίη
279 1135 315 1177 τε
336 1108 392 1176 καὶ
412 1110 514 1197 Ἑρμῆ
538 1112 570 1177 ολ
593 1109 841 1198 πραγματευταὶ
864 1111 1028 1178 ἀκίνδυνα
1050 1112 1090 1176 τά
1109 1120 1172 1175 τῶν

160 1219 289 1304 κερδῶν
308 1213 402 1284 εἶναι.
439 1218 547 1283 πάντα
566 1213 603 1282 δέ
618 1219 683 1303 ἀρα
699 1221 740 1284 τά
757 1217 859 1306 κέρδη
879 1216 916 1283 ἐν
932 1227 972 1304 τῆ
991 1217 1055 1305 ὕλη
1073 1211 1127 1283 καί
1141 1213 1170 1293 ἐξ

121 1352 147 1392 10
162 1324 263 1408 αὐτῆς
277 1323 472 1408 ἀναφύεται,
486 1321 541 1388 καί
557 1322 594 1389 ἐν
608 1323 690 1411 αὐτῆ
706 1321 827 1389 ὡσανεὶ
833 1322 976 1410 Ἕρμαια
989 1323 1169 1411 εὑρίσκεται

89 1443 146 1497 XY
160 1429 215 1496 καὶ
230 1429 433 1514 ἐπιδίδοται,
445 1430 490 1506 ὥς
503 1447 597 1515 φασι,
614 1429 684 1496 κατ’
699 1430 803 1509 ἀξίαν.
838 1434 1033 1516 Νουμήνιος
1048 1437 1209 1497 1113111153

161 1534 198 1602 δὲ
212 1537 231 1603 δ
245 1535 403 1622 Ῥωμαῖος
416 1537 476 1602 τὸν
485 1534 611 1623 Ἑρμῆν
628 1537 688 1602 τὸν
701 1538 952 1624 προχωρητιαὸν
970 1540 1073 1621 λόγον
1091 1531 1168 1602 εἶναι

160 1644 330 1728 βούλεται·
354 1639 527 1730 οὐδὲγάρ,
546 1661 639 1728 φησι,
658 1645 822 1730 πρότερον
840 1643 965 1730 βρέφος
983 1642 1167 1730 φθέγξαιτο,

120 1761 146 1815 Χ
159 1748 241 1837 πρὶν
259 1749 302 1815 ἀν
316 1758 375 1834 τῆς
388 1759 449 1834 γῆς
468 1749 643 1836 ἐφάψαιτο,
668 1752 750 1817 ὥστε
763 1755 881 1818 Μαῖαν
895 1752 942 1828 είς
956 1760 1020 1834 γῆν
1033 1757 1136 1827 καλῶς
1144 1757 1208 1812 11153

94 1869 146 1923 XS
161 1856 386 1941 ἐξελάμβανον
397 1856 568 1923 οίπολλοί.
599 1855 655 1922 καί
668 1856 745 1923 καθ’
756 1857 871 1943 ἕτερον
884 1854 923 1923 δέ
938 1859 1030 1944 ἱερὸν
1043 1855 1166 1941 λόγονὸ

121 1993 147 2032 ιο
164 1965 328 2047 Φοντήιος
351 1971 471 2049 χρῆναι
493 1970 654 2049 τιμᾶσθαι
677 1965 739 2048 τήν
760 1973 824 2048 γῆν
847 1964 885 2030 ἐν
902 1974 974 2041 ταῖς
992 1963 1167 2040 Καλένδαις

67 2083 147 2137 XHS
163 2073 291 2146 Μαΐαις
313 2067 417 2153 λέγει,
446 2070 497 2135 δτι
519 2070 581 2153 τήν
604 2074 754 2156 ἐμφυτον
781 2069 912 2157 δέρμην
941 2069 994 2136 ἐπὶ
1020 2072 1082 2155 τήν
1107 2069 1167 2136 ἐπι-

161 2178 305 2262 φάνειαν
332 2175 352 2259 ἡ
376 2185 419 2260 γῆ
448 2175 679 2262 ἀναβράζουσα
706 2187 849 2264 γαυριᾶν
873 2179 983 2263 ὥσπερ
1008 2175 1064 2243 καί
1087 2195 1167 2262 σκιρ-

122 2314 147 2352 19
161 2294 223 2350 τάν
255 2281 435 2367 ἐξαγομένη
467 2283 590 2360 σάλους
622 2283 750 2368 ἐμποιεῖ
781 2285 826 2361 ὡς
861 2283 982 2349 ἐπίπαν
1009 2285 1092 2350 κατά
1116 2285 1167 2348 τὸν

121 2404 147 2457 Χ
161 2391 277 2456 Μάίον
305 2399 401 2474 μῆνα.
447 2401 587 2474 τιμῶσιν
615 2386 678 2457 οὖν
704 2392 786 2457 κατά
813 2399 935 2456 τοῦτον
961 2391 1023 2474 τήν
1051 2396 1165 2472 Μαῖαν,
1242 2465 1243 2498 Ι

233 2602 257 2638 v.
274 2591 289 2637 2
309 2583 324 2638 δ
342 2586 440 2653 παρὼν
460 2583 644 2653 συγγραφεύς,
662 2583 719 2638 ἐστὶ
733 2581 765 2637 δὲ
778 2581 946 2653 λαυρέντιος,
965 2582 997 2638 ἐν
1014 2582 1093 2652 ἐτέρα
1105 2581 1164 2654 λέγει

162 2653 190 2723 S,
210 2653 263 2725 ἐγὼ
282 2654 313 2709 ἐν
332 2653 411 2731 ἐτέρηι
430 2651 497 2720 λέξοι
517 2653 616 2724 scripsi
687 2661 703 2708 3
724 2654 754 2709 ἐν
772 2661 805 2724 τῆ
824 2655 918 2724 πρώτη
935 2654 1036 2710 τούτου
1051 2687 1084 2696 -
1099 2659 1113 2709 δ
1126 2651 1164 2710 νό-

162 2742 212 2780 σου
231 2727 267 2780 Η
280 2725 299 2780 f.
311 2731 387 2796 166¹,
414 2724 457 2781 ὅτι
475 2725 491 2779 δ
509 2724 652 2796 ἀρχιερεὺς
665 2758 701 2766 -
715 2731 731 2779 6
746 2722 831 2780 νόσου
850 2727 877 2794 S,
901 2724 916 2780 δ
936 2723 967 2780 δέ
986 2725 1126 2796 ἀρχιερεὺς
1137 2755 1164 2766 -

162 2804 178 2852 6
197 2794 283 2852 νόσον
297 2797 330 2851 Χ
344 2799 348 2868 Ι
364 2800 434 2868 <roffi
451 2796 559 2870 μηνὸς)
574 2796 673 2850 addidi
727 2803 744 2851 4
763 2797 851 2859 ποδὸς
863 2798 899 2851 H
950 2801 966 2850 ὅ
985 2805 1061 2868 μῆνα
1079 2805 1165 2852 τοῦτον

160 2867 231 2938 πρὸς
251 2868 275 2924 S
380 2875 396 2923 6
415 2867 487 2923 κατὰ
502 2899 536 2908 ——
553 2874 567 2923 7
587 2867 702 2922 ἐτελεῖτο
729 2867 810 2922 addit
829 2868 876 2940 H,
899 2884 997 2938 marg„
1023 2868 1101 2923 omis.
1121 2865 1167 2922 XS

163 2947 177 2995 7
193 2939 313 3010 ηὔχοντο
324 2945 385 2994 -9
399 2941 506 3008 κερδῶν
521 2935 594 2994 εἶναι
607 2938 775 2993 Lambecius
788 2938 819 2992 in
833 2938 971 2994 Codinum
983 2958 1011 3008 p.
1022 2945 1075 2994 153
1088 2957 1125 2994 nr.
1137 2943 1164 2992 29

161 3009 282 3082 8Ἑρμῆ
301 3012 350 3067 καὶ
368 3012 578 3081 πραγματευταλ
595 3011 692 3064 Lamb.
717 3013 722 3082 Ι
746 3009 781 3063 τά
800 3009 878 3065 omis.
897 3011 926 3064 Β
999 3016 1032 3065 11
1053 3009 1095 3066 ὅτι
1111 3030 1164 3066 νου-

162 3080 254 3151 μίνιος
277 3082 292 3136 ὁ
315 3079 438 3152 ᾇοιμαῑός
461 3099 560 3151 φησιν,
586 3083 623 3145 ὡς
643 3083 677 3135 οά
695 3079 831 3149 πρότερον
844 3087 929 3135 -14
948 3081 1094 3151 ἐφάψηται
1115 3080 1163 3162 ΥΙ
1241 3125 1242 3140 ,

162 3153 299 3222 μούμμιος
317 3155 355 3222 Χ,
375 3150 519 3222 νονμίνιος
539 3153 573 3222 Y,
593 3151 757 3221 Νουμήνιος
775 3152 818 3207 Βν
890 3157 925 3206 13
941 3150 1080 3221 πρότερον
1098 3168 1163 3208 oms.

163 3224 190 3278 Β
207 3228 211 3294 Ι
227 3221 379 3295 φθέγξοιτο
395 3223 426 3278 F
495 3229 528 3278 15
549 3222 591 3278 ὅτι
605 3223 677 3278 κατά
691 3243 755 3279 τινα
769 3223 846 3291 ἱερὸν
855 3255 890 3264 -
899 3229 934 3277 20
949 3223 1034 3292 μάϊον
1048 3233 1119 3294 μῆνα
1131 3222 1162 3291 Si

163 3293 194 3348 δέ
213 3295 290 3365 ἱερὸν
313 3295 391 3350 omis.
412 3296 439 3349 Β
513 3301 545 3349 16
565 3294 723 3364 φραντήϊος
746 3294 788 3364 Χ,
816 3293 958 3364 φωντήλος
980 3295 1012 3363 S,
1043 3294 1165 3364 Φοντήιος

163 3365 350 3421 Wachsmuth
367 3367 401 3420 de
416 3369 467 3420 ost.
482 3384 509 3436 p.
524 3365 615 3420 ΧΧἨ
687 3372 720 3420 17
740 3367 811 3436 φασὶ
824 3363 864 3435 δέ,
883 3364 925 3420 δτι
939 3365 991 3436 τήν
1006 3365 1124 3435 ἐμφυτον
1136 3397 1163 3406 -

164 3443 198 3490 20
218 3436 301 3505 μάϊον
320 3445 396 3508 μῆνα
413 3438 449 3491 H
466 3439 470 3506 Ι
490 3434 600 3506 δέρμην
619 3437 670 3507 τήν
689 3437 811 3526 ἔμφυτον
830 3438 862 3492 Χ
933 3442 966 3492 18
985 3437 1164 3508 ἀναβλύζουσα

165 3507 196 3560 Χ
268 3514 300 3562 19
319 3505 489 3579 ἐξαγομένην
508 3509 578 3562 ΧΗ
599 3512 602 3578 Ι
627 3511 676 3563 καλ
697 3512 798 3571 σαλονς
814 3508 851 3562 Η
871 3511 876 3579 Ι
901 3508 1027 3578 ἐμποιεῖν
1046 3508 1164 3578 XH‚in

163 3577 291 3648 margine
310 3579 471 3634 Macrobius
489 3579 516 3632 B
533 3579 537 3651 Ι
554 3579 590 3642 ὡς
608 3578 712 3637 ἐπίπαν
731 3579 809 3635 omis.
824 3578 847 3634 S
