2556 3996
165 207 207 270 16
542 205 651 260 LIBER
668 205 804 260 PRIMUS

122 370 323 456 Χθορύβοις
341 371 402 454 τὴν
411 369 556 435 Ἰταλίαν
574 361 722 454 μεγάλην
731 368 874 434 Ἑλλάδα
893 365 1085 455 ᾠκονόμησε
1102 374 1200 452 κλη-

163 483 268 560 θῆναι
299 477 424 555 πάντας
456 497 496 541 τε,
522 477 601 552 τοὺς
632 477 786 552 κλεινοὺς
817 486 885 540 τῶν
917 476 1118 559 φιλοσόφων
1160 475 1197 554 ἐξ

163 582 264 666 αὐτῆς
290 587 487 670 προελθεῖν,
510 579 733 666 Ἐμπεδοκλέα
759 579 844 663 λέγω
871 581 933 646 τὸν
956 581 1103 665 φυσικὸν
1130 581 1197 647 καὶ

163 691 286 767 άλλους
308 692 454 766 πολλοὺς
476 689 542 775 πρὸ
561 686 819 775 Ἀριστοτέλους.

109 806 161 861 XS
229 797 281 862 35.
297 794 368 861 Ὅτι
387 794 441 861 ἐπὶ
460 805 521 861 τοῦ
539 799 662 880 Νουμᾶ
679 793 735 860 καὶ
753 795 818 880 πρὸ
833 795 955 860 τούτου
969 796 1002 860 ολ
1020 795 1126 862 πάλαι
1138 805 1255 873 RrL31

138 905 265 990 6λερείς
287 909 423 988 χαλκαῖς
445 906 593 986 ψαλίσιν,
618 900 689 968 ἀλλ’
713 901 754 966 ού
778 903 931 988 σιδηραῖς
954 901 1197 987 ἀπεκείροντο·

164 1009 182 1076 ὁ
206 1012 270 1094 γάρ
295 1011 432 1097 σίδηρος
453 1011 535 1075 κατά
563 1012 642 1086 τοὺς
666 1012 926 1094 Πυθαγορείους
950 1019 989 1095 τῇ
1013 1009 1076 1094 ύλη
1099 1008 1196 1074 ἀνά-

163 1137 283 1181 κειται·
313 1116 412 1200 μέλας
434 1119 498 1202 γάρ
521 1114 577 1181 καὶ
600 1116 700 1192 αὐτὸς
722 1114 777 1180 καὶ
801 1117 857 1180 διδι
880 1124 978 1181 τοῦτο
1003 1115 1100 1199 ἐγγύς
1127 1115 1196 1181 ἀυ-

164 1225 280 1307 είδεος,
303 1224 512 1308 πολύκμητός
534 1246 569 1288 τε
592 1221 648 1287 καὶ
670 1223 900 1308 πολύχρηστος
923 1221 994 1288 ἀλλ’
1018 1221 1080 1286 οὐκ
1097 1221 1193 1288 άπα-

124 1355 150 1396 10
163 1332 229 1414 θης
253 1329 351 1395 ἐστιν.

122 1446 140 1500 S
226 1436 278 1501 36.
288 1433 359 1503 ’Ὁτι
373 1439 453 1521 μετά
472 1437 531 1502 τὸν
545 1437 746 1519 Αὔγουστον
760 1435 797 1501 ἐν
815 1447 887 1512 ταῖς
905 1445 966 1501 τού
986 1439 1099 1501 Παλα-
1112 1447 1204 1501 deest
1211 1447 1248 1499 Rsr

163 1547 237 1609 τίου
266 1543 397 1622 τάξεσιν
425 1544 600 1629 ηὑρίσκετο
630 1541 686 1608 καὶ
714 1543 863 1626 σύστημα
892 1546 1077 1628 πατρικίων
1106 1539 1187 1628 ἑξή-

163 1674 265 1716 κοντα
291 1649 367 1736 παρ’
392 1641 442 1726 οἷς
469 1651 510 1714 τδι
538 1651 674 1733 διοπετῆ
703 1651 788 1715 ὅπλα
815 1648 1030 1733 ἐφυλάττετο·
1063 1651 1110 1714 ἔτι
1144 1645 1187 1714 δὲ

163 1759 230 1844 μὴν
260 1756 316 1823 καὶ
348 1759 444 1823 ἄλλοι
476 1758 668 1843 τριάκοντα,
700 1755 778 1841 παρ’
806 1748 857 1834 οἷς
889 1755 1112 1840 ἐφυλάττοντο
1150 1759 1186 1822 ol

125 1893 150 1933 τι
165 1866 349 1949 σιβύλλειοι
372 1867 521 1949 χρησμοί.

124 1975 146 2030 0
230 1971 281 2036 37.
292 1970 412 2056 Ἱερέας
425 1971 584 2055 γενέσθαι
598 1972 635 2036 τὸ
650 1969 731 2057 πρὶν
745 1972 824 2047 τοὺς
837 1969 979 2056 ὕστερον
998 1951 1225 2055 άρχον-ῃξὲῗᾞξ

165 2103 224 2156 τας
241 2089 302 2145 τοῦ
316 2079 484 2164 Ῥωμαίων
507 2079 746 2163 πολιτεύματος
769 2076 884 2142 οὐδενὶ
902 2089 970 2143 τῶν
987 2077 1121 2142 πάντων
1127 2069 1233 2158 Ρῗζζξῆῃ,

164 2187 339 2270 ἠγνόηται,
367 2190 544 2271 Τυρρηνοῦ
568 2183 621 2250 ἐπὶ
647 2186 708 2269 τὴν
736 2182 878 2270 ἑσπέραν
906 2183 941 2250 ἐκ
969 2193 1027 2268 τῆς
1050 2184 1184 2261 Λυδίας

165 2295 399 2378 μεταστάντος,
429 2294 508 2368 τοὺς
536 2294 611 2357 τότε
639 2291 867 2376 καλουμένους
891 2289 1112 2376 Ἑτρούσκους
1132 2327 1183 2337 -—

127 2418 153 2455 20
168 2403 270 2476 ἔθνος
299 2395 337 2463 δὲ
366 2394 409 2482 ἦν
439 2400 589 2464 Σικανόν
616 2437 661 2446 -
683 2400 742 2474 τδις
772 2399 896 2462 Λυδῶν
925 2399 1056 2474 τελετάς
1086 2397 1184 2462 διδά-

165 2505 298 2589 ξαυτος,
329 2505 388 2582 οὓς
418 2504 454 2570 ἐκ
476 2515 535 2589 τῆς
559 2509 768 2582 θυοσκοπίας
797 2505 969 2580 Θούσκους
994 2502 1183 2588 συμβέβηκε

164 2619 467 2697 μετονομασθῆναι·
495 2611 550 2677 καὶ
573 2613 702 2678 τούτων
725 2611 772 2688 είς
795 2613 918 2689 πλάτος
941 2611 979 2676 ἐν
1001 2621 1040 2698 τῇ
1063 2611 1180 2697 πρώτη

164 2727 221 2802 τῆς
252 2716 328 2804 περὶ
360 2729 475 2802 μηνῶν
506 2722 688 2805 γραφείσης
720 2718 801 2803 ἡμῖν
828 2722 1052 2804 πραγματείας
1083 2724 1181 2802 ίσμευ

164 2825 459 2909 μνημονεύσαντες.
504 2827 544 2891 τδι
571 2827 634 2911 γάρ
663 2825 805 2909 ἐπίσημα
828 2836 896 2890 τῶν
919 2824 1091 2910 ἀρχόντων
1114 2822 1181 2889 άπὸ

124 2949 150 2989 25
167 2931 327 2996 Θούσκιον
350 2931 463 3014 λαβὼν
486 2931 503 2997 ὁ
527 2934 684 3017 βασιλεὺς
701 2936 841 3016 Νουμᾶς
864 2941 903 3018 τῇ
922 2935 1073 3017 πολιτεία
1092 2932 1182 3014 εἰσή-

163 3059 276 3122 γαγεν,
300 3039 409 3123 ὥσπερ
432 3035 488 3102 καὶ
510 3049 578 3104 τῶν
601 3039 714 3105 ὅπλων
736 3039 773 3103 τὸ
795 3039 967 3124 δύσμαχον
988 3037 1052 3103 ἀπὸ
1073 3039 1182 3102 Γαλα-

164 3156 239 3209 τῶν.
284 3143 339 3210 καὶ
369 3145 533 3232 μάρτυρες
562 3142 624 3230 μὲν
655 3146 783 3211 τούτων
815 3145 833 3211 ὅ
865 3169 900 3210 τε
931 3148 1094 3210 Καπίτων
1125 3141 1182 3208 καὶ

237 3390 261 3426 v.
278 3380 292 3426 1
312 3372 363 3442 τὴν
382 3370 491 3428 ίταλίαν
512 3374 650 3445 θορύβοις
668 3374 696 3428 Β
771 3373 855 3426 ὁκαὶ
877 3381 959 3426 τοῦτο
983 3371 1015 3426 δὲ
1037 3371 1109 3440 πρὸς
1132 3379 1182 3424 τοῦ

166 3441 477 3569 ἔολλῗεδῗέάωαλ
496 3443 691 3578 afflasti&
708 3444 882 3570 ἷίῗέιιῖιθ
900 3440 1185 3576 ιῗιῗοόείωῗίιῖ

166 3592 236 3654 πετῆ
252 3617 285 3624 -
303 3591 337 3638 14
356 3583 398 3648 οἶς
416 3585 446 3640 in
464 3602 518 3640 ras.
537 3587 560 3642 S
606 3536 663 3642 μόὸ
682 3587 837 3656 τυρρηνοδς
858 3534 967 3640 gaeon.
986 3583 1110 3639 Fussius.
