2556 3996
326 205 435 260 LIBER
455 204 631 270 QUARTUS.
659 203 860 259 IANUARIUS
1061 203 1102 268 79

86 365 322 454 ἐξεβλάστησεν
354 368 506 455 ἀριθμός.
561 367 671 434 ἰστέον
704 365 740 434 δὲ
771 370 854 434 κατὰ
886 368 1011 452 ταύτην
1042 361 1145 451 τὴνΧ

84 472 213 560 ἡμέραν
243 477 321 552 τοὺς
354 475 492 560 ἐρίφους
522 475 665 540 δύεσθαι
698 472 753 539 καλ
788 475 915 560 τροπὴν
946 479 1103 557 γίνεσθαι

82 581 170 645 κατά
193 586 370 647 Φίλιππον.

23 695 157 750 RrIV14
223 688 274 751 18.
298 688 373 774 Πρὸ
401 686 579 753 δεκαπέντε
602 689 786 753 Καλενδῶν
814 689 1056 773 Φεβρουαρίων
1083 689 1101 755 6

84 797 296 880 Δημόκριτος
328 793 416 876 λέγει
449 794 592 860 δύεσθαι
624 795 684 859 τὸν
715 796 857 879 δελφῖνα
888 792 944 858 καλ
974 795 1129 880 τροπὴνε

83 901 130 977 ὡς
154 900 206 967 ἐπὶ
228 904 315 967 πολὺ
338 906 503 984 γίνεσθαι.
930 891 933 895 ’

150 1009 214 1094 πρὸ
257 1009 440 1094 δεκατριῶν
479 1010 663 1074 Καλενδῶν
706 1011 946 1094 Φεβρουαρίων
986 1009 1004 1075 6
1041 1005 1103 1094 μὲν

81 1113 269 1199 Εὐκτήμων
291 1117 351 1181 τὸν
372 1125 532 1201 καρκίνον
554 1115 707 1199 δύεσθαι,
731 1114 749 1180 6
773 1111 810 1180 δὲ
828 1117 1024 1192 Κάλλιππος
1043 1118 1103 1181 τὸν

81 1221 250 1308 ὑδροχόον
284 1221 433 1306 ἀνίσχειν
465 1221 570 1306 λέγει,
607 1221 648 1287 δν
676 1227 897 1288 Δευκαλίωνα
922 1221 1103 1309 Ἵππαρχος

82 1334 197 1394 καλεῖ.
213 1378 243 1393 ..
267 1333 405 1412 βησσαις
427 1326 483 1393 καλ
506 1330 689 1413 χαράδραις
711 1341 778 1395 τῶν
801 1330 900 1414 ὀρῶν.
1114 1351 1141 1391 ιο

148 1436 214 1521 πρὸ
239 1436 382 1501 δεκαδύο
406 1437 590 1500 Καλενδῶν
610 1438 851 1521 Φεβρουαρίων
869 1435 1018 1514 Ιδὺδοξος
1041 1438 1101 1502 τὸν

81 1542 249 1628 ὑδροχόον
272 1541 423 1627 ἀνίσχειν
445 1540 543 1625 λέγει.

147 1650 213 1735 πρὸ
246 1650 403 1733 δεκαμιᾶς
431 1649 614 1713 Καλενδῶν
644 1652 885 1734 Φεβρουαρίων
911 1649 972 1714 τὸν
1003 1650 1100 1732 η’λιον

81 1753 118 1820 ἐν
143 1755 299 1841 ὑδροχόη)
326 1754 485 1838 γενέσθαι
514 1755 532 1821 6
558 1759 689 1841 Καῖσαρ
713 1755 815 1839 λέγει,
848 1755 866 1821 6
890 1751 928 1820 δὲ
950 1754 1100 1834 Εὔδοξος

80 1861 231 1948 ἀνίσχειν
254 1862 357 1928 αὑτὸν
379 1861 435 1928 καὶ
458 1864 581 1948 βροχδις
604 1865 791 1947 σημαίνειν·
814 1871 853 1948 τῇ
877 1858 914 1926 δὲ
936 1863 1001 1949 πρὸ
1021 1861 1100 1929 δέκα
1114 1880 1140 1921 15

79 1969 264 2034 Καλενδων
298 1972 539 2055 Φεβρουαρίων
571 1968 589 2034 6
619 1972 830 2054 Δημόκριτος
866 1971 990 2052 ἀνεμον
1021 1972 1099 2054 λίβα

79 2085 221 2142 πνεῦσαι
245 2072 342 2157 λέγει.

36 2190 104 2247 ΠΙεε
150 2183 201 2248 19.
223 2179 295 2246 ’Ότι
316 2182 442 2264 Φάβιος
465 2181 483 2247 δ
507 2183 689 2265 βουλευτὴς
710 2182 934 2265 κατεδικάσθη
959 2181 1022 2247 ὑπὸ
1041 2191 1099 2265 τῆς
1112 2194 1139 2247 Y

80 2292 220 2373 βουλῆς,
248 2288 299 2353 ὅτι
325 2289 414 2373 παρά
437 2288 497 2353 τὸν
520 2287 743 2374 διωρισμένον
764 2296 810 2376 τῷ
833 2291 923 2375 νόμω
948 2290 1098 2374 ἀρχυρον

81 2396 251 2462 ἐδείκνυτο
268 2393 474 2479 κεκτημένος.
507 2391 586 2460 οὐδὲ
604 2397 668 2480 γάρ
688 2393 798 2480 ἐφεῖτο
816 2397 906 2481 παρὰ
923 2397 985 2479 τὴν
1003 2395 1099 2474 ἀξίαν
1112 2414 1138 2455 2⁰

79 2505 263 2586 κεκτῆσθαί
294 2526 377 2585 τινι,
418 2500 489 2567 ἀλλ’
529 2498 608 2567 οὐδὲ
648 2511 765 2588 σηρικῇ
800 2509 946 2588 χρῆσθαι
981 2500 1098 2586 ἐσθῆτι

80 2620 149 2685 τοῖς
171 2617 321 2693 τυχοῦσι,
342 2607 407 2673 κάν
429 2609 566 2694 εὑποροι
590 2603 668 2693 εἶεν,
691 2611 807 2693 μόνοις
831 2605 867 2674 δὲ
890 2619 960 2685 τοῖς
981 2631 1098 2695 πατρι-

81 2721 164 2794 κίοις
187 2725 285 2782 τοῦτο
308 2714 377 2782 κατ’
395 2714 574 2800 ·ἐξαίρετον
596 2715 803 2799 ἀνενήνεκτο.

150 2964 175 2999 v.
191 2949 207 2996 3
222 2943 369 3013 Phih'ppus
383 2943 571 2999 Wachsmuth
590 2943 625 2998 de
644 2946 696 2998 ost.
711 2962 738 3012 p.
754 2949 806 2998 295
820 2961 861 2998 nr.
877 2950 893 2997 3
965 2943 1096 2997 5Demo·

84 3017 166 3071 oritus
190 3015 258 3070 ibid.
277 3033 317 3070 nr.
338 3023 355 3070 4
462 3021 479 3068 8
497 3015 634 3069 Euctemo
657 3014 802 3084 Callippns
824 3014 1003 3084 Hipparchus
1025 3013 1094 3068 ibid.

83 3106 121 3143 nr.
137 3093 152 3141 5
225 3092 257 3140 11
277 3086 410 3141 Eudoxus
428 3086 497 3141 ibid.
512 3105 553 3142 nr.
569 3093 584 3141 6
659 3093 693 3140 14
712 3086 814 3141 Caesar
832 3088 861 3139 et
875 3085 1006 3139 Eudoxus
1025 3084 1094 3140 ibid.

83 3165 152 3214 καῖ
226 3164 258 3212 16
279 3157 455 3213 Democritus
474 3157 542 3213 ibid.
562 3176 589 3227 p.
604 3164 657 3212 296
675 3176 716 3212 nr.
732 3163 748 3211 8

150 3377 213 3439 §18
232 3371 337 3442 singuli
356 3371 416 3427 dies
434 3371 491 3426 suin
511 3371 636 3427 versibus
656 3370 786 3426 distinxib
805 3371 837 3425 X
924 3367 1095 3423 v.101acu-

85 3461 164 3499 unam
181 3442 305 3498 indicavi
382 3449 414 3498 11
434 3444 549 3509 ἔνδοξος
566 3445 595 3499 Β
675 3450 707 3497 13
727 3439 923 3514 φεβρουαρίων
941 3439 1021 3494 omis,
1040 3439 1093 3512 ΑΙ

86 3512 297 3586 ἥλιονὺδροχόω
311 3515 348 3584 Α,
363 3514 393 3570 ἐν
408 3516 472 3570 εδδ.
486 3518 525 3588 A„
542 3515 573 3568 in
586 3531 673 3585 marg.
731 3520 763 3568 18
780 3512 929 3585 βάῳιοςΓ
980 3517 1013 3564 19
1028 3513 1094 3582 βοο-

89 3591 132 3658 λης
149 3589 198 3641 cet.
219 3585 276 3640 des.
295 3587 325 3640 D
342 3588 346 3657 Ι
362 3585 452 3658 παρὰ]
471 3587 535 3655 περὶ
555 3587 579 3641 0
