2530 3988
181 151 244 216 152
425 148 533 204 LIBER
553 147 729 213 QUARTUS.
757 145 948 202 AUGUSTUS

137 324 164 378 Y
179 315 240 380 τὸν
262 312 472 378 ἀπαίδευτον.
517 309 573 378 καὶ
595 310 718 397 μέτρον
744 307 782 375 δὲ
806 308 862 375 καὶ
885 310 966 396 δρον
989 320 1061 386 ταῖς
1083 333 1117 374 τε
1140 309 1188 374 εὑ-

180 424 292 505 ωχίαις
314 417 370 484 καὶ
392 430 464 496 ταῖς
486 417 620 504 προιξὶν
642 420 757 501 ἔθηκε,
780 429 911 502 πρῶτος
934 415 988 482 ἐπὶ
1010 427 1050 503 τῆ
1074 414 1188 482 ἑαυτοῦ

178 524 324 612 θυγατρὶ
351 535 450 591 τοῦτο
478 527 627 609 ποιήσας.
676 533 734 608 τῆς
761 519 798 588 δὲ
825 535 893 590 τῶν
919 523 1078 606 ὑπηκόων
1104 522 1187 587 ἐλευ-
1236 515 1237 546 ¹

178 637 296 719 θερίας
310 641 481 698 τοσοῦτον
504 631 706 718 ἐφρόντιζεν,
734 631 817 696 ὥστε
839 631 931 706 τινὸς
953 641 1022 695 τῶν
1044 630 1188 696 κολάκων

152 737 233 805 εέπλ
263 747 321 824 τῆς
350 742 474 822 βουλῆς
503 739 668 821 δεσπότην
694 737 798 802 αὑτὸν
828 738 938 821 ὥσπερ
967 735 1005 801 ἐν
1030 737 1187 821 ὑπεροχῆς

178 848 289 931 τρόπω
299 843 509 928 καλέσαντος,
524 844 623 920 αὑτὸς
638 843 828 922 ἐξαναστάς·
842 843 919 927 ‘sycis
929 842 988 927 δέ’,
1004 845 1080 928 ἔφη,
1093 841 1186 908 ’ἐλευ-
1237 878 1238 930 η

179 951 305 1037 θέροις,
331 949 401 1016 ἀλλ’
426 951 467 1016 οὑ
490 952 626 1027 δούλοις
648 953 777 1035 ἔμαθον
800 948 1034 1033 διαλόγεσθαά.
1237 935 1238 946 ¹

145 1069 163 1123 S
248 1057 319 1121 113.
335 1056 406 1123 Ὅτι
429 1057 448 1124 ὑ
471 1059 583 1144 Χάρης
606 1061 704 1142 φησί·
1124 1064 1224 1119 deesth

315 1166 469 1249 δαπάνην
491 1166 631 1250 ἀκαιρον
653 1165 807 1249 μηδαμοῦ
828 1167 998 1248 προσίεσο,

139 1298 166 1336 10
313 1271 455 1357 γαστρὸς
478 1267 515 1335 δὲ
537 1281 641 1355 πειρῶ
664 1279 774 1335 πᾶσαν
796 1269 895 1353 ἡνίαν
917 1280 1061 1355 κρατεῖν.
1238 1319 1239 1336 .

248 1378 321 1443 114.
335 1375 407 1442 Ὅτι
416 1377 580 1442 ολΓάλλοι
589 1376 645 1440 διδ
655 1385 723 1442 τῶν
735 1375 916 1460 ὑπονόμων
926 1374 1124 1452 ἐπελθόντες
1130 1383 1224 1439 decsfflr

179 1495 218 1571 τῆ
237 1483 341 1571 Ῥώμη
369 1485 489 1559 νυκτὸς
515 1481 676 1566 κατέσχον
701 1483 739 1547 τὸ
765 1483 995 1548 Καπετώλιον·
1021 1482 1185 1556 τοιούτους

179 1593 243 1677 γάρ
266 1593 345 1668 τοὺς
367 1591 560 1674 ὑπονόμους
581 1598 640 1672 τῆς
658 1588 780 1673 Ῥώμης
798 1587 943 1674 Σέρβιος
970 1592 1116 1665 Τοῦλλος
1136 1611 1184 1652 κα·
1239 1610 1240 1696 ρ

178 1699 375 1763 τεσκεύασεν
398 1697 416 1762 ὁ
440 1695 511 1782 όῆξ,
533 1697 577 1772 ώς
600 1694 727 1780 ἀμαξαν
749 1697 858 1781 πλῆρη
881 1697 1003 1781 χόρτου
1026 1696 1185 1760 δύνασθαι
1239 1697 1240 1726 ³

139 1829 165 1870 is
180 1803 223 1869 δι’
246 1803 358 1869 αὑτῶν
380 1809 634 1888 παρενεχθῆναι.
680 1813 748 1867 τῶν
775 1798 812 1867 δὲ
841 1801 878 1866 ἐν
905 1811 951 1889 τῷ
979 1803 1058 1890 ἱερῷ
1084 1811 1185 1886 χηνῶν

181 1912 323 1976 ἰδόντων
354 1911 433 1986 τοὺς
463 1913 643 1994 πολεμίους
677 1906 733 1974 καὶ
765 1907 1042 1991 ἀνακλαχξάντων
1070 1945 1112 1955 -
1137 1905 1182 1972 καλ

179 2019 243 2103 γάρ
267 2018 437 2103 ἄγρυπνος
458 2017 479 2099 ἡ
508 2017 610 2100 φύσις
633 2015 746 2092 αὐτοῖς
770 2053 812 2064 -
836 2015 854 2080 δ
878 2016 1060 2101 στρατηγὸς
1083 2017 1182 2080 διανα-

180 2124 258 2200 στάς
281 2122 428 2206 ἐξώδησε
454 2124 532 2199 τοὺς
555 2123 746 2208 βαρβάρους
769 2120 804 2186 ἐκ
827 2128 887 2187 τοὺ
912 2122 1017 2207 ἱεροῦ·
1047 2117 1117 2187 εἶτα
1136 2117 1182 2186 καλ

179 2230 352 2314 δυνάμεως
375 2231 598 2314 συναχθείσης
615 2227 853 2314 κατέστρωσεν·
876 2230 979 2294 ἔνθεν
997 2226 1115 2315 ἑορτὴν
1131 2223 1181 2312 μὲν

138 2363 165 2402 sc
180 2334 236 2401 καὶ
264 2338 359 2420 τιμάς
385 2346 453 2401 τῶν
479 2345 605 2420 χηνῶν,
633 2333 710 2400 ἀνθ’
734 2329 782 2400 ὧν
805 2333 973 2418 ἐφύλαξαν
999 2335 1063 2418 τὴν
1084 2337 1181 2420 πόλιν,

138 2454 164 2506 Y
179 2445 325 2528 όλεθρον
339 2439 376 2507 δὲ
385 2453 452 2507 τῶν
466 2453 586 2506 κυνῶν.
616 2451 656 2528 τῆ
670 2442 776 2527 <γδρ>
789 2443 854 2526 πρὸ
869 2453 973 2526 τριῶν
981 2445 1114 2508 Νωνῶν
1122 2448 1216 2505 erllso

179 2547 387 2631 Αὐγούστου
416 2547 566 2635 ἀνῄρουν
594 2547 770 2624 ἀκωλύτως
798 2546 835 2612 ἐν
854 2546 958 2634 Ῥώμη
986 2550 1066 2624 τοὺς
1092 2549 1181 2622 κύνας

180 2656 228 2731 εἰς
251 2655 351 2738 τιμῆν
370 2665 438 2720 τῶν
455 2666 578 2739 χηνῶν,
601 2655 652 2720 ότι
670 2656 707 2720 τὸ
722 2655 939 2720 Καπετώλιον
959 2655 992 2719 οἱ
1014 2651 1078 2738 μὲν
1096 2655 1181 2728 κύνες

250 2811 274 2848 v.
291 2798 307 2846 3
327 2793 361 2848 cf.
382 2793 417 2847 de
434 2810 508 2864 mag.
523 2794 545 2862 1,
560 2799 576 2847 6
650 2799 684 2846 10
701 2793 839 2862 posterior
856 2809 951 2848 versus
969 2793 1076 2864 legitur
1088 2793 1181 2864 primus

178 2864 209 2918 in
231 2863 373 2933 Charetis,
400 2863 503 2935 tragici
526 2867 639 2934 postas,
667 2863 826 2935 fragmento
848 2864 952 2934 primo,
979 2863 1082 2918 Nauck
1098 2884 1125 2935 p.
1139 2869 1181 2918 826

180 2941 213 2989 15
233 2935 267 2990 cf.
288 2935 323 2989 de
340 2936 501 3006 mag.1‚50

249 3061 274 3097 v.
290 3048 306 3096 8
326 3039 369 3096 ότι
383 3041 398 3096 δ
413 3039 500 3112 χάρης
513 3073 548 3082 -—
564 3048 596 3095 21
615 3051 671 3097 τῶν
689 3051 782 3096 κυνῶν
796 3041 819 3096 S
888 3047 920 3094 21
941 3041 1058 3111 όλεδρος
1073 3042 1100 3112 S,
1118 3041 1182 3112 quod

179 3113 285 3168 correxi
301 3113 306 3185 Ι
323 3110 365 3168 ότι
378 3121 411 3182 τῆ
427 3115 469 3184 (τῆ
486 3113 564 3169 omis.
574 3114 651 3183 DE>
663 3113 718 3181 πρδ
728 3145 762 3153 -
772 3131 798 3182 p.
815 3118 902 3181 153,6
916 3111 1006 3175 αἴτιος
1020 3109 1094 3168 εἶναι
1108 3115 1139 3182 Y,
1155 3119 1183 3182 τῆ

178 3183 277 3258 <χάρ>
291 3185 346 3274 πρὸ
362 3183 461 3254 scripsi
519 3190 553 3238 23
567 3183 640 3239 κατὰ
649 3192 749 3238 τούτου
758 3184 808 3238 τόν
817 3191 892 3253 μῆνα
901 3180 1095 3254 όωμαῖοιτοὺς
1108 3185 1184 3246 κύνας

179 3253 303 3323 ἀνῆρουν
319 3275 337 3324 η
352 3255 400 3310 διά
414 3255 446 3309 τό
460 3255 497 3324 μῆ
507 3259 636 3326 λοττῆσαι
646 3253 775 3324 αὑτοὺςῆ
785 3253 833 3309 διὰ
842 3255 874 3310 τὸ
884 3255 921 3324 μὴ
930 3264 990 3318 τοῖς
998 3263 1111 3310 νοσοῦσι
1136 3253 1183 3310 ἀνε-

178 3329 248 3380 σδαι
263 3326 309 3380 ἐπὶ
323 3336 378 3382 τῶν
393 3336 501 3381 νυκτῶν
512 3327 689 3396 ἀχληρούςΗ
695 3326 713 3380 f.
724 3331 794 3394 16⁷¹,
808 3327 857 3380 καὶ
866 3325 917 3396 τὴν
926 3335 981 3381 τῶν
996 3336 1089 3382 κυνῶν
1099 3278 1184 3381 &iiti-

178 3400 245 3452 λουν
254 3397 414 3468 πανήγυριν
424 3397 451 3452 οἱ
461 3395 592 3466 Ῥωμαῖοι
605 3397 677 3452 κατὰ
687 3398 736 3452 τὸν
746 3396 904 3467 Αύχουοτον
913 3406 996 3468 μῆνα,
1011 3398 1184 3465 ἀναιροῦντες

179 3469 281 3530 αὑτοὺς
299 3467 330 3522 ἐκ
348 3476 397 3538 τῆς
411 3467 535 3531 ἁλώσεως
553 3477 602 3538 τῆς
618 3469 673 3524 ὑπδ
688 3467 810 3541 Γάλλων,
829 3465 901 3522 διότι
915 3469 1067 3524 ἀνύλακτοι
1082 3468 1184 3538 ἔμειναν

179 3547 234 3594 τῶν
249 3548 342 3608 χηνῶν
360 3538 580 3610 ἀναβοησάντων
594 3539 670 3595 Suid.
686 3558 706 3595 s.
717 3558 741 3594 v.
750 3543 904 3609 Μαϊουμᾶς
917 3556 932 3594 c
946 3539 1025 3609 Lydo
1039 3539 1182 3610 exscripsit.
