2530 3988
188 191 251 255 176
424 187 533 242 LIBER
553 188 729 255 QUARTUS.
758 189 958 245 DECEMBER

118 385 121 388 ·
151 359 358 438 ὃκευθμῶσι
375 361 434 436 τῆς
450 361 510 435 γῆς
530 350 723 437 έμφωλεύει.
755 353 881 440 πατέρα
894 350 933 419 δὲ
947 355 1035 440 ὅμως
1049 362 1105 418 τοῦ
1114 352 1186 426 Διός

188 477 270 546 φασι
295 460 350 525 διὰ
373 461 434 542 τὴν
456 460 565 545 ύγρδιν
588 459 723 544 οὐσίαν,
745 461 818 545 ἥτις
839 462 974 527 πάντων
997 457 1188 547 πρεσβυτέρα

186 578 254 632 τῶν
269 569 440 651 στοιχείων
453 567 673 651 παραδίδοται
687 569 770 633 κατὰ
787 569 847 633 τὸν
864 571 1017 653 ποιητήν,
1036 567 1072 644 ός
1085 582 1187 651 φησιν·

78 759 81 768 γ
262 672 422 739 Ὠκεανόν
445 696 480 738 τε
502 679 595 738 θεῶν
617 679 750 756 γένεσιν
773 673 828 740 καὶ
851 674 974 761 μητέρα
1002 674 1124 759 Τηθύν.

159 783 223 846 ετὸ
246 777 284 846 δὲ
306 779 398 861 ὕδωρ
426 782 544 864 Τηθὺν
573 778 723 866 ἐμφερῶς
750 781 929 866 ὠνόμασαν
956 781 1021 846 ἀπὸ
1049 789 1108 846 τοῦ
1133 787 1186 842 κελ

188 895 270 953 σθαι
293 888 375 952 κατὰ
398 888 504 972 φύσιν
526 895 572 974 τῷ
595 883 657 972 μὲν
680 885 769 975 ξηρῷ
791 897 850 972 τῆς
872 897 942 972 γῆς,
964 896 1011 976 τςό
1031 884 1069 952 δέ
1086 889 1186 970 πυκνβ

185 1003 246 1060 τοῦ
276 993 373 1080 ἀέρος
403 994 647 1078 συνεχόμενον’.
700 992 756 1059 καὶ
787 993 873 1060 οὕτω
905 991 967 1078 μὲν
999 997 1032 1060 ol
1065 987 1185 1080 φυσικοὶ

184 1098 261 1186 περὶ
284 1104 430 1186 Κρόνου.
475 1101 673 1187 εὑρίσκομεν
700 1097 737 1167 δέ
765 1102 869 1167 αὐτὸν
897 1102 986 1187 ὅμως
1013 1099 1069 1167 καὶ
1094 1099 1185 1182 Οὐρα-

185 1216 247 1273 νοῦ
271 1208 375 1274 παίδα
398 1206 435 1271 έν
457 1217 527 1283 τοῖς
545 1210 689 1291 βιβλίοις
707 1207 971 1293 ἀναφερόμενον,
995 1199 1070 1274 οἷον
1089 1207 1143 1272 τὸν
1159 1201 1184 1280 ἐξ

145 1338 172 1377 ιο
185 1313 283 1400 ἀέρος
310 1313 570 1397 ἄποτικτόμενον
597 1316 739 1399 ὄμβρον,
767 1314 850 1380 ὅθεν
877 1312 932 1379 καί
958 1315 1055 1391 ὑετὸς
1081 1306 1186 1378 ὡσανεὶ

185 1423 258 1498 υἱὸς
280 1425 437 1503 καλεῖται,
461 1419 481 1503 ἣ
505 1420 556 1485 ὅτι
579 1422 660 1505 μετὰ
682 1421 742 1485 τὸν
765 1420 912 1507 οὐρανὸν
934 1421 955 1505 ἡ
974 1421 1087 1506 ψυχρὰ
1104 1420 1185 1499 ζώνη,

185 1524 256 1594 εἶτα
277 1527 298 1611 ἡ
321 1527 431 1612 θερμὴ
454 1527 618 1610 τυγχάνει.
655 1524 731 1612 περὶ
751 1523 788 1592 δέ
806 1536 863 1611 τῆς
882 1526 1187 1613 καταταρταρώσεος

185 1644 246 1700 τοῦ
268 1636 406 1719 Κρόνου
430 1630 614 1717 Ἀμμώνιος
640 1632 744 1717 λέγει,
772 1637 909 1720 Κρόνον
936 1631 998 1720 μὲν
1028 1631 1112 1700 εἶναι
1136 1631 1187 1695 τὸν

185 1750 270 1807 νοῦν
297 1740 317 1824 ἢ
345 1745 472 1824 μᾶλλον
499 1741 623 1824 ψυχήν·
653 1739 694 1805 ού
724 1743 788 1827 γὰρ
818 1741 953 1808 ταύτόν·
983 1743 1043 1807 τὸν
1072 1736 1108 1806 δὲ
1129 1741 1189 1802 Δία

143 1870 169 1911 15
183 1850 244 1931 τὴν
267 1845 412 1929 γένεσιν·
439 1844 495 1911 καί
522 1846 574 1911 ὅτι
600 1848 665 1933 πρὸ
693 1856 751 1931 τῆς
779 1847 937 1932 γενέσεως
964 1850 1147 1933 καθείρχθη
1170 1841 1189 1924 ἡ

184 1955 273 2039 ψυχὴ
297 1953 334 2018 έν
356 1961 402 2040 τῷ
426 1954 563 2038 σώματι,
585 1954 689 2040 ταύτη
712 1953 768 2020 καὶ
791 1954 891 2040 δέμας
909 1953 983 2021 ἀντὶ
1002 1964 1064 2020 τοῦ
1083 1952 1190 2036 δεσμὸς
1245 1944 1246 1967 ’

183 2063 220 2127 τὸ
244 2073 338 2146 σῶμα
357 2060 653 2146 προσαγορεύεται·
676 2060 696 2144 ἡ
721 2058 759 2127 δὲ
778 2061 897 2147 έκτομή
917 2061 986 2128 έστι
1004 2063 1042 2126 τὸ
1062 2064 1189 2145 ἔσχατον
1244 2127 1245 2139 ,

184 2165 239 2232 καί
262 2167 459 2252 γεννητικὸν
481 2166 536 2232 καὶ
559 2168 733 2252 ποιητικὸν
750 2179 818 2234 τῶν
835 2170 984 2234 πάντων·
1007 2169 1139 2250 τοιαύτη
1155 2159 1189 2228 δὲ

183 2275 203 2359 ἡ
227 2287 295 2340 τῶν
319 2275 457 2339 αἰδοίων
480 2275 594 2358 φύσις·
617 2283 721 2339 ταῦτα
744 2271 781 2340 δὲ
799 2279 933 2362 Κρόνος
951 2277 1089 2362 ἔρριψεν
1106 2274 1122 2340 ὁ
1139 2281 1189 2355 τῆς

144 2409 171 2448 εο
185 2386 353 2468 Κρονικῆς
372 2381 504 2465 φύσεως
522 2384 640 2467 πατήρ,
664 2382 720 2446 ἵνα
737 2381 759 2464 ἡ
777 2392 835 2466 τῆς
853 2381 1041 2466 ἀιδιότητος
1060 2382 1189 2464 δύναμις
1242 2453 1243 2462 ,

184 2498 244 2553 τοῦ
268 2489 416 2574 ούρανοῦ
439 2486 493 2553 καί
514 2487 550 2553 ἐν
572 2498 611 2574 τῇ
635 2490 789 2575 θαλάσση
812 2488 955 2576 ὑπόρχη,
980 2488 1128 2554 τουτέστι
1148 2492 1189 2572 τῷ
1242 2469 1243 2479 ¹

183 2595 249 2660 ὑπὸ
264 2596 407 2679 σελήνην
420 2598 542 2684 κόσμῳ,
562 2594 598 2671 ὃς
617 2595 657 2678 δὴ
677 2604 723 2682 τῷ
742 2595 871 2683 ιἰστότφ
890 2594 944 2660 καὶ
964 2593 1188 2680 πολυστρέπτφ
1241 2619 1242 2651 ι

183 2701 377 2766 ἀπείκασται
399 2710 457 2784 τῆς
479 2703 661 2784 θαλάσσης,

227 2810 312 2872 ἔνθα
336 2810 441 2891 φόνος
463 2831 498 2871 τε
520 2809 617 2883 κότος
640 2831 675 2872 τε
697 2804 752 2872 καὶ
776 2809 926 2873 όίλλιονέ
911 2809 1013 2874 ἔθνεα
1036 2819 1150 2894 κηρῶν.
1240 2788 1241 2820 ¹

141 2941 167 2982 ετ
181 2923 318 2979 τοιαῦτα
341 2909 402 2998 μέν
416 2912 582 2997 “.Ελληνες

142 3033 168 3086 Χ
251 3021 324 3085 160
347 3024 516 3097 Διόνυσός
540 3020 608 3087 ἐστι
631 3022 668 3086 τὸ
693 3020 730 3086 έν
749 3029 796 3109 τῷ
818 3020 900 3108 πυρὶ
923 3025 1106 3107 γενόμενον
1122 3025 1224 3085 RrIV95

182 3137 323 3212 πνεῦμα,
337 3126 487 3193 τουτέστι
501 3127 538 3192 τὸ
553 3130 693 3213 θερμόν,
713 3128 796 3193 ὅθεν
809 3127 865 3194 καὶ
878 3131 1059 3214 πυρίτοκος
1073 3128 1239 3211 ἐκλήθη

181 3233 236 3298 καὶ
250 3235 465 3320 μηροτραφὴς
483 3231 538 3298 καὶ
552 3233 817 3320 ἀρσενόθηλυς“
800 3235 879 3300 υπὸ
879 3233 1059 3318 Ἑλλήνων,
1078 3233 1186 3318 ἀγνοη-
1237 3289 1238 3333 ,

252 3392 276 3426 v.
293 3371 506 3432 3H0m..:÷711
523 3378 583 3427 201.
604 3379 656 3428 302
744 3379 779 3426 24
797 3372 1023 3444 Empedoclesv.
1039 3378 1092 3428 386
1112 3370 1187 3434 stein,

183 3451 215 3498 19
234 3443 361 3498 Mullach

253 3567 537 3623 v.a2‘Iulomis.A
