2524 3984
173 213 223 268 LX
582 213 788 268 PRAEFATIO

176 383 303 459 spiceret
326 382 489 459 exemplari
512 383 613 458 aliquo
637 385 741 440 narrat
764 401 799 440 ex
822 380 934 440 relictis
953 380 1061 438 Allatii
1084 378 1195 438 chartis

177 473 339 548 descripto,
372 473 451 548 quod
482 472 542 547 ipsi
575 491 593 530 a
621 471 764 545 Marinio,
796 469 921 528 Archivi
950 469 1092 528 Vaticani
1126 473 1195 527 tunc

177 561 338 636 praefecto,
366 562 578 638 perlegendum
605 561 709 618 datum
733 562 811 617 erat:
837 559 915 617 illud
941 577 1014 618 vero
1041 577 1102 616 una
1132 577 1195 616 cum

177 649 276 708 codice
300 650 464 708 Barberino
495 653 526 708 et
555 649 703 708 codiceE
731 647 904 707 Planudeae
933 646 1113 706 recensionis
1143 665 1195 722 pro

177 739 379 798 fundamentis
411 738 549 797 editionis
578 737 693 796 habuit.
740 737 779 796 ad
812 737 940 795 altemm
969 736 1075 794 deinde
1108 735 1195 792 huius

179 828 359 886 recensionis
393 827 536 900 codicem,
567 826 737 885 Parisinum
769 845 908 903 graecum
941 826 1040 898 3084,
1072 825 1196 883 lectores

178 915 325 993 relegavit
350 915 380 975 Ο.
403 917 439 974 Β.
462 915 572 974 Hosius
601 934 704 974 comm.
728 935 756 991 p.
776 915 931 989 XXXVII,
956 915 1040 972 cuius
1062 912 1196 972 lectIoni·

177 1004 233 1062 bus
255 1005 338 1062 iussu
356 1005 443 1063 Hasii
467 1005 595 1064 enotatis
619 1004 656 1062 ab
675 1004 711 1062 A.
732 1003 934 1062 Oherbuliezio
958 1022 1012 1061 usa
1036 1005 1082 1060 est
1105 1001 1193 1060 editio

178 1093 380 1152 Roetheriana
410 1086 468 1174 (nr
494 1093 588 1169 praef.
615 1113 644 1168 p.
662 1085 746 1174 VII).
798 1092 904 1168 quibus
936 1091 1053 1152 duobus
1084 1089 1196 1150 accedit

178 1181 285 1240 tertius
309 1182 399 1241 codex
423 1181 709 1258 Cryptoferratensis
733 1200 856 1258 graecus
880 1181 902 1238 Z
927 1179 945 1239 d
965 1180 1017 1255 VI,
1042 1179 1096 1255 qui
1118 1183 1193 1238 trac·

178 1273 279 1329 tatum
300 1271 386 1329 illum
405 1271 440 1330 de
459 1271 525 1330 Nili
541 1272 724 1330 incremento
744 1263 811 1352 (IV,
827 1263 905 1351 107)
926 1269 1053 1344 exhibet,
1077 1272 1108 1328 et
1127 1287 1193 1343 cpo-

179 1359 361 1436 graphorum
382 1360 581 1420 recentiorum
608 1378 748 1418 numerus
776 1362 906 1436 augetur
932 1359 1109 1434 fragmentis
1134 1357 1195 1432 qui-

179 1447 305 1507 busdam
329 1449 515 1508 eLambecii
538 1452 568 1508 et
590 1449 711 1524 Iosephi
734 1447 769 1506 de
792 1447 879 1506 Iuliis
903 1447 1016 1506 schedis
1041 1447 1193 1523 depromp-

178 1537 229 1596 tis.
276 1556 352 1613 quae
381 1557 448 1596 cum
478 1539 524 1597 Ita
556 1537 629 1612 sint,
663 1541 763 1596 extare
791 1570 834 1577 —-
861 1537 911 1596 vel
939 1536 1071 1594 extitisse
1099 1535 1194 1612 potius

180 1627 399 1685 renascentium
421 1626 592 1686 litterarum
619 1645 692 1685 aevo
716 1659 759 1666 -
783 1627 899 1702 septem
924 1625 1103 1684 recensionis
1126 1625 1196 1682 Bar-

179 1714 302 1773 berinae
329 1718 421 1774 testes
450 1715 599 1773 affirmare
627 1733 799 1790 possumne,
827 1733 901 1790 quos
930 1714 1097 1772 accuratius
1128 1711 1194 1770 deli-

180 1823 269 1862 neare
292 1803 354 1862 iem
376 1804 478 1862 liceat:

73 1901 160 1942 cott-
247 1892 276 1949 A
302 1892 410 1950 codex
433 1891 653 1950 Barberinus
682 1891 767 1950 olim
791 1894 854 1950 277
880 1925 922 1934 --
947 1892 1113 1950 editionum
1137 1887 1192 1948 vol-

301 1985 372 2059 gato
397 2001 494 2040 errore
520 1984 582 2041 177
606 1979 777 2040 nominatus
802 2013 844 2020 -
867 1999 959 2039 nunc
981 1981 1013 2038 H
1038 1982 1093 2053 15,
1116 1980 1194 2038 char·

300 2074 402 2129 tacens
426 2089 447 2128 s
466 2069 523 2127 XV
545 2070 612 2128 folii
638 2069 776 2144 minoris,
804 2069 945 2129 foliorum
975 2071 1031 2142 36,
1059 2069 1196 2138 continet,

300 2161 335 2217 ut
358 2162 463 2218 auctor
486 2161 532 2216 est
549 2159 664 2232 tituluS,
688 2152 881 2216 ‘collectanea
905 2176 1013 2234 graeca
1035 2158 1194 2215 multarum

299 2268 400 2306 rerum
418 2246 541 2323 cognitu
564 2241 826 2323 dignissimarum',
850 2246 957 2321 quibus
975 2245 1073 2306 verbis
1092 2261 1193 2304 manus

300 2336 447 2395 recentior
466 2334 604 2394 subiecit:
629 2330 675 2394 ‘ex
694 2335 781 2394 fastis
800 2335 942 2394 Romanis
960 2333 1103 2394 Iohannis
1120 2330 1195 2410 Lydi

301 2424 572 2499 Philadelphensis,
603 2424 677 2482 item
703 2423 879 2500 Ephemeris
907 2424 969 2484 sive
997 2423 1125 2481 diarium
1152 2420 1196 2482 vel

301 2513 515 2572 Kalendarium
544 2532 580 2570 ex
603 2511 727 2571 Claudio
751 2507 893 2586 Thusco’3
920 2531 1005 2571 verso
1035 2514 1135 2571 autem
1164 2528 1193 2568 eo

301 2602 383 2676 folio,
408 2602 489 2677 quod
511 2601 731 2679 praeglutinari
754 2602 830 2660 solet
848 2601 1007 2676 codicibus,
1030 2603 1143 2679 legitur
1161 2598 1194 2657 ab

303 2692 406 2749 eadem
438 2709 513 2767 quae
543 2691 617 2749 haec
647 2689 767 2766 scripsit
795 2709 887 2748 manu
918 2693 1089 2749 exaratum:
1123 2685 1194 2747 ‘Sex

306 2779 427 2839 Clodius
451 2780 546 2838 fastos
570 2799 674 2856 graece
694 2778 820 2855 scripsit,
845 2780 880 2838 cf.
900 2780 1038 2838 Lactant.
1059 2779 1094 2838 de
1115 2778 1196 2836 fatua

302 2864 339 2927 1?
385 2869 421 2927 de
452 2868 509 2926 hac
541 2868 683 2926 ulteriore
713 2868 822 2926 codicis
852 2871 938 2943 parte
968 2871 999 2927 et
1029 2869 1065 2926 de
1097 2866 1194 2926 Clodio

304 2958 400 3017 Tusco
423 2956 526 3016 videas
551 2975 661 3032 quaeso
686 2976 762 3032 quae
789 2957 930 3016 disseniit
953 2955 984 3015 O.
1002 2953 1194 3016 Wachsmuth

304 3046 340 3104 de
373 3039 449 3105 ost²
476 3066 505 3121 p.
524 3045 602 3104 XIX.
625 3045 718 3104 XLII.
750 3045 900 3121 incipiunt
930 3048 1030 3104 autem
1062 3046 1194 3120 excerpta

303 3134 469 3194 Barberina
492 3153 510 3194 a
533 3135 702 3212 fragmento
727 3135 856 3210 quodam
874 3136 910 3192 de
928 3138 1038 3193 netura
1056 3134 1193 3205 fulminis,

303 3225 383 3300 quod
411 3225 549 3284 editionis
572 3245 600 3300 p.
624 3225 700 3297 183,
722 3225 888 3300 20—184,
909 3226 927 3282 3
957 3241 1128 3298 expressum
1153 3223 1194 3280 in-

302 3313 412 3387 venies,
439 3313 588 3372 veteribus
614 3311 793 3372 editionibus
815 3312 862 3370 HI
883 3314 922 3371 53
947 3313 1056 3370 fuerat,
1103 3311 1193 3387 sequi·

302 3405 353 3460 tur
376 3401 481 3460 deinde
503 3401 658 3477 inscriptio
681 3399 714 3460 ἕκ
737 3409 795 3460 τῶν
818 3409 871 3460 τοῦ
893 3400 1023 3461 lodoveo
1042 3410 1095 3461 τοῦ
1115 3404 1193 3478 φιλα-

305 3488 446 3567 δελφέως,
471 3493 540 3566 post
565 3508 655 3564 quam
678 3489 781 3549 eodem
804 3490 907 3549 ordine
930 3509 990 3566 quo
1013 3490 1045 3548 in
1070 3490 1194 3548 editione

306 3597 341 3636 ea
371 3580 526 3657 leguntur,
559 3597 637 3654 quae
664 3576 707 3636 ibi
738 3579 841 3638 littera
863 3579 891 3636 X
921 3583 1026 3638 notata
1052 3579 1193 3639 invenies:
