2530 3988
321 186 431 241 LIBER
450 185 627 252 QUARTUS.
656 187 846 244 AUGUSTUS
1029 189 1092 254 149

80 350 204 434 ἀνάγκη
227 351 406 435 τυγχάνειν
428 350 490 433 τῆν
512 349 550 415 ἐν
572 351 673 434 βάθει
700 359 778 434 γῆν,
807 349 840 428 έξ
862 345 902 434 ής
924 353 1032 428 αἰτίας
1053 353 1126 418 τάὃ

79 459 186 543 θερμά
208 456 324 522 ὕδατα.
362 457 415 521 διὸ
438 454 494 520 καὶ
517 457 707 540 βλεννώδης
730 456 750 540 ῆ
774 457 875 542 φύσις
897 467 965 522 τῶν
984 459 1094 524 τοιού-

78 587 143 628 των
166 563 310 647 ὑδάτων,
334 561 405 630 ἐπεὶ
427 561 482 628 καὶ
504 564 682 628 θαλάττια·
705 571 752 651 τῷ
774 558 812 628 ὑλ
833 561 916 649 πυρὶ
934 565 972 629 τὸ
991 563 1094 649 ἁλμυ-

78 672 139 756 ρὸν
162 669 216 735 ἐπὶ
239 670 277 735 τὸ
306 669 422 754 σικχὸν
449 671 701 754 μεταβάλλουσα
728 668 948 753 ἀσφαλτώάης
969 693 1005 735 τε
1027 671 1093 755 ἀμα

76 775 130 842 καλ
150 778 352 861 στυπτηρίας
370 773 426 840 καλ
443 779 542 842 θείου
561 779 708 862 ἔμπλεως
720 779 857 859 γίνεται.
888 775 961 861 ήού
974 780 1093 841 καθαί-
1121 803 1133 843 ε

77 908 126 969 ρει
155 888 284 968 μᾶλλον
310 880 581 968 ὑποξηραίνουσα
608 893 676 948 τῶν
701 881 814 967 ἀτμῶν
840 893 898 967 τῆς
921 883 1093 968 ἀσφάλτου

76 1001 114 1077 τῆ
137 994 270 1056 πλείονι
292 1000 360 1055 τῶν
381 988 516 1054 ὑδάτων
537 989 696 1075 ὑγρότητι
718 989 959 1074 βυθιζομένων.

31 1107 144 1163 erV69
181 1097 254 1162 109.
277 1095 417 1172 Κέστιος
444 1095 463 1162 ὁ
491 1096 649 1172 ὑπατικὸς
676 1105 734 1179 τῆς
752 1095 966 1182 Ἰερουσαλὴμ
993 1097 1093 1180 ῆγού-
1107 1107 1133 1161 Χ

75 1227 176 1288 μενος
206 1203 325 1279 νυκτὸς
351 1203 412 1286 τῆν
440 1203 552 1267 εἰκόνα
579 1211 640 1268 τοῦ
663 1199 822 1288 Νέρωνος
849 1201 1029 1288 ἀνέστησεν
1057 1203 1094 1269 έν

75 1319 120 1398 τῷ
145 1321 214 1376 τῶν
232 1308 397 1396 Ἑβραίων
420 1311 513 1398 ἱερῷ,
540 1310 624 1375 ὥστε
650 1319 827 1375 κοινωνεῖν
849 1319 906 1393 τῆς
929 1319 1025 1394 τιμῆς
1047 1319 1093 1397 τῷ
1108 1337 1134 1376 ιο

74 1425 147 1505 θεῷ
170 1417 231 1482 τὸν
248 1413 405 1501 Νέρωνα·
429 1417 461 1481 ολ
484 1412 521 1481 ὑλ
545 1416 830 1499 ἀγανακτήσαντες
853 1416 956 1482 αὐτόν
977 1440 1012 1481 τε
1030 1415 1094 1481 Κέ-

75 1543 172 1589 στιον
203 1520 258 1587 καί
290 1522 416 1598 πάντας
437 1520 616 1606 Ῥωμαίους
648 1525 727 1599 τοὺς
760 1521 813 1587 έπλ
844 1531 902 1606 τῆς
930 1521 1093 1606 ἀνατολῆς

75 1627 277 1714 εὑρεθέντας
300 1626 434 1694 ἀνεῖλον
459 1626 515 1693 καὶ
544 1639 697 1715 φανερῶς
719 1639 790 1706 τοῖς
816 1637 997 1714 κρατοῦσιν
1019 1628 1093 1693 ἀνε-

74 1733 224 1822 κήρυξαν
246 1735 306 1799 τὸν
328 1736 483 1820 πόλεμον.

29 1859 57 1907 ιο
146 1843 220 1906 110.
243 1839 489 1926 Ἐρρουσάλους
507 1840 659 1926 Ῥωμαῖοι
686 1844 764 1918 τοὺς
787 1840 908 1925 ἀλήτας
934 1839 990 1906 καὶ
1012 1847 1093 1906 πλα-
1108 1866 1133 1906 15

75 1948 249 2034 νωμένους
275 1952 448 2013 καλοῦσιν·
476 1949 510 2012 ολ
533 1944 570 2013 δὲ
595 1949 723 2014 ἰδιῶται
746 1947 949 2035 έρρούλλονς
972 1947 1094 2025 αὐτοὺς

75 2057 108 2136 ἐξ
134 2055 273 2138 ἀγνοίας
295 2052 460 2136 λέγουσιν.

483 2240 683 2316 Αύγουοτος.

27 2391 55 2440 71
147 2375 221 2439 111.
237 2372 371 2440 Ἓπεται
395 2371 431 2439 ὑὲ
454 2373 520 2438 ἀπὸ
543 2370 604 2458 μὲν
627 2384 687 2439 τοῦ
710 2370 791 2461 ἦρος
809 2375 827 2441 ὁ
847 2375 949 2458 ἕκτος,
972 2375 1036 2440 ἀπὸ
1055 2371 1093 2440 δὲ

75 2493 136 2567 τῆς
168 2480 347 2566 λεγομένης
374 2479 587 2564 Αύξιφωτίας
614 2478 729 2566 ἑορτῆς
757 2481 775 2547 ὁ
804 2482 932 2564 ὄγδοος.
977 2481 1028 2547 ὅτι
1056 2478 1093 2546 ὑὲ
1107 2507 1134 2545 ιο

76 2590 174 2666 ἕκτος
196 2587 260 2653 ἀπὸ
284 2595 344 2652 τοῦ
364 2589 531 2673 Μαρτίου,
555 2585 587 2665 ἐξ
611 2585 713 2672 αὐτῆς
736 2586 804 2652 έστι
829 2590 944 2671 λαβεῖν
961 2597 1019 2672 τῆς
1037 2588 1094 2674 ἀρ-

150 2799 175 2835 v.
191 2785 225 2834 10
248 2780 312 2848 λερω
334 2789 390 2834 τῶν
414 2776 533 2852 ἑβραίων
551 2780 579 2833 Β
653 2785 685 2833 17
705 2777 832 2849 λέγουσιν
852 2781 893 2849 A,
917 2783 1047 2834 καλοῦσιν
1065 2781 1093 2834 Β

77 2858 112 2906 19
133 2850 276 2906 ἕπεται-
290 2870 317 2921 p
330 2856 390 2918 160,
400 2855 418 2902 4
435 2848 626 2986 προσηγορίαν
640 2850 690 2918 ΧΙ
707 2849 722 2905 ὁ
735 2801 895 2920 αὑγουστος
913 2851 948 2920 μή
932 2849 1009 2920 ἠξνέ
995 2848 1094 2916 ξτιλιος

75 2922 166 2978 παλαι
175 2931 234 2984 τοῖς
243 2893 390 2991 βωμαίοις
385 2924 550 3012 κατωνομα
549 2939 603 2990 ετο,
618 2919 718 2976 ὅέστιν
728 2918 805 2983 ἕκτος
815 2921 871 2975 ἀπὸ
882 2919 999 2991 μαρτί
1027 2920 1095 2990 ηνύς

74 2996 109 3048 Η
128 2993 146 3048 f.
164 2999 238 3062 166',
257 2992 293 3047 αὑ
294 3009 410 3063 γουστος
428 2990 529 3061 ὁμοίως
548 2965 604 3046 ἀπὺ
623 2992 780 3062 αύγοὺστου
793 2990 937 3060 καίσαρος·
957 2941 1094 3115 πράἀερον

75 3065 109 3120 δὲ
129 3036 259 3130 σεξτλλιος
277 3014 389 3132 ἀνομάζ
387 3082 445 3131 ετο,
465 3065 501 3126 ὡς
519 3061 597 3126 ἕκτος
615 3063 672 3117 ἀπὸ
691 3060 821 3132 μαρτίου·
840 3061 1042 3132 μετωνομάσθη
1062 3060 1094 3116 δὲ

75 3137 119 3199 εἰς
136 3135 219 3205 τιμήν
237 3134 436 3224 αὑγούστου,
421 3155 458 3197 ως
470 3134 702 3197 καταπαύσαντος
715 3135 781 3196 τοὺς
795 3131 945 3204 ἐμφυλίους
957 3130 1094 3201 πολέμους

75 3208 127 3262 κοιλ
146 3205 298 3276 ὁμονοῆσαι
316 3204 426 3268 πάντας
442 3203 601 3268 πείσαντος·
627 3206 676 3261 καὶ
694 3205 846 3275 ἐπειδήίρ.
864 3209 913 3258 160
936 3205 964 3274 8)
983 3207 1035 3257 etc
1059 3204 1093 3271 Y,

76 3278 114 3334 cf.
133 3276 234 3347 Georg.
253 3276 368 3332 Gedren.
391 3276 457 3332 hist.
477 3293 566 3402 com}
589 3295 616 3346 p.
631 3281 696 3346 294,
711 3277 835 3331 9B0nn:
859 3275 874 3331 ὁ
898 3247 929 3330 ἃὺ
953 3247 1094 3339 Σεξτίλιος

76 3348 136 3404 ἀπὸ
151 3348 309 3419 Δομίτιον
328 3346 344 3402 6
362 3347 418 3402 ἐστι
438 3349 575 3438 σεβαστς.
604 3347 709 3402 similia
723 3347 751 3402 R
768 3347 787 3402 f.
803 3352 837 3402 8.
865 3346 900 3400 de
914 3347 966 3400 οεί.
981 3363 1007 3414 p.
1023 3350 1093 3413 60,8

75 3369 278 3474 Wachsmuth:
298 3417 439 3485 Σεξτίλιος
456 3419 488 3473 τὸ
506 3418 593 3474 πάλαι
612 3419 660 3473 καλ
680 3414 761 3481 οὑτος
779 3417 794 3472 ὁ
809 3417 872 3487 μὴν,
891 3415 1048 3487 Αὔγουστος
1058 3388 1093 3469 δὲ

76 3561 108 3618 u
102 3491 194 3560 ,πρὸς
216 3489 324 3560 μνήμης
347 3491 505 3561 Αὐγούστου
529 3488 670 3558 Καίσαρος
693 3488 861 3559 μετεκλήθη,
885 3489 921 3551 ὡς
943 3488 961 3557 ῆ
985 3484 1093 3556 ίστορλα

108 3581 159 3634 γει.
