2530 3988
187 187 252 250 180
417 185 648 242 FRAGMENTA
666 179 850 242 INOERTAE
869 187 969 241 SEDIS

150 349 293 437 ὃἙστίηι
323 353 371 427 είς
398 329 553 436 φυλακὴν
580 361 641 416 τοῦ
668 350 744 437 παρ’
772 351 854 438 αὐτῇ
885 352 1060 417 ἀθανάτου
1085 351 1187 435 πυρός,

186 459 337 544 καθάπερ
362 458 399 523 έν
417 456 577 542 Ἀθήναις
599 455 678 524 ποτέ
706 458 744 523 έν
766 467 812 546 τῷ
834 468 892 542 της
916 459 1086 534 Πολιάδος
1105 457 1189 539 Ἀθη-

187 573 247 641 νᾶς
277 564 387 652 ἀδύτφ
417 566 484 629 ὑπὸ
512 569 748 642 Δευκαλίωνος
778 565 907 649 λέγεται
937 564 1108 630 ἀθάνατον
1133 574 1188 649 πῦρ

186 670 399 754 ἀνατεθῆναι.
437 674 466 736 εί
490 667 553 737 οὖν
576 671 699 756 συνέβη
723 673 760 738 τὸ
784 681 850 758 πῦρ
875 673 971 756 ἀφνω
996 672 1188 756 ἀποσβεσθῆ-

160 802 254 861 5ναι,
282 777 299 843 ὁ
323 775 393 862 μέν,
407 778 581 865 ἀρχιερεὺς
609 779 747 864 ῥάβδοις
768 777 1008 864 ἠμφιεσμέναις
1032 782 1123 844 ἔπαιε
1142 780 1188 853 τάς

187 883 394 970 παρθένους,
430 889 612 964 συνθλίψει
645 882 682 951 δέ
714 883 823 963 ξύλων
855 885 1025 951 ἀειθαλῶν
1059 884 1125 952 ἀλλ’
1156 884 1187 949 οὐ

187 989 269 1076 πυρὶ
300 986 401 1067 αὖθις
431 991 593 1074 ἀνηπτετο
623 994 703 1076 μετά
732 1015 836 1057 τινων
866 991 1032 1075 ἐπιλέγων
1061 995 1098 1058 τὸ
1125 1001 1188 1076 πῦρ.

187 1108 313 1162 κεῖνται
345 1094 383 1163 δέ
414 1109 484 1175 τοῖς
516 1099 734 1183 βουλομένοις
763 1101 804 1164 τά
834 1102 930 1182 λόγια
959 1101 1050 1185 παρά
1084 1101 1189 1181 Τάγητι

161 1203 242 1268 νκαλ
265 1208 439 1271 Καπίτωνι
461 1205 516 1271 καὶ
540 1210 680 1271 Πίσωνι.

91 1285 177 1422 3¹43
257 1312 274 1374 7
300 1320 382 1388 (169).
411 1312 523 1399 Πέρας
551 1316 647 1397 ἔλαβε
670 1316 710 1378 τά
735 1317 889 1401 Φοντηΐφ
912 1321 959 1401 τῷ
977 1312 1120 1400 Ῥωμαίῳ
1133 1319 1233 1374 deesth

149 1433 171 1488 O
189 1417 336 1505 ῥηθέντα
353 1419 448 1485 ποτέ·
473 1419 598 1496 ἐκεῖνος
618 1421 682 1506 γάρ
702 1425 835 1506 στίχους
854 1419 1018 1496 δοθέντας
1036 1420 1127 1495 τινὰς
1143 1419 1191 1499 δῆ-

188 1533 253 1591 θεν
276 1524 428 1614 Ῥωμύλῳ
459 1523 538 1591 ποτέ
565 1531 718 1612 πατρίοις
749 1527 892 1613 ῥήμασιν
921 1525 1096 1612 ἀναφέρει,
1124 1525 1192 1598 τοὺς

189 1631 385 1716 ἀναφανδὸν
416 1633 659 1720 προλέγοντας,
694 1637 768 1699 τότε
795 1633 974 1719 Ῥωμαίους
1009 1635 1071 1716 τὴν
1102 1632 1193 1714 τύχην

190 1737 396 1823 ἀπολείψειν,
419 1741 499 1806 ὅταν
523 1739 618 1805 αὐτοὶ
642 1750 700 1824 τῆς
720 1745 863 1826 πατρίου
886 1749 1001 1825 φωνῆς
1019 1739 1193 1805 ἐπιλάθων-

151 1849 176 1910 15
190 1869 252 1910 ται.
298 1845 353 1910 καὶ
376 1848 435 1911 τὸν
458 1834 523 1930 μέν’
542 1849 723 1931 λεγόμενον
741 1849 890 1933 χρησμὸν
908 1859 978 1923 τοῖς
996 1845 1073 1932 περὶ
1091 1857 1194 1930 μηνῶν

187 1964 366 2038 γραφεῖσιν
389 1953 630 2038 έντεθείκαμεν.

82 2058 181 2152 ,ξζξοῇ
257 2060 277 2124 8
298 2069 380 2136 (170).
395 2058 465 2125 Ὅτι
480 2060 662 2146 Ἀσωνίδης
675 2061 831 2147 ἐρασθεὶς
844 2062 945 2145 αὐτῆς
960 2059 1031 2148 (τῆς
1044 2063 1125 2126 Νιό-
1138 2063 1231 2122 ἀεειλδι

95 2161 167 2208 91⁶⁷
188 2165 263 2254 βης)
280 2169 324 2251 μὴ
338 2173 530 2252 πεισθείσης
543 2170 603 2233 τὸν
617 2164 712 2235 οἷκον
731 2168 922 2254 ἐνέπρησεν·
941 2169 962 2252 η
982 2164 1019 2233 δέ
1033 2168 1192 2253 φεύγουσα

188 2273 303 2352 εὔξατο
328 2280 519 2358 λιθωθῆναι
542 2275 597 2340 καὶ
621 2276 781 2360 ε’λιθώθη.

82 2390 195 2446 Oedren.
257 2383 276 2444 9
297 2390 379 2456 (171).
394 2380 464 2446 Ὅτι
478 2383 622 2467 κάρμινα
640 2383 730 2467 παρά
743 2381 913 2466 Ῥωμαίοις
932 2386 1060 2465 λέγεται
1079 2381 1118 2445 τά
1135 2383 1230 2443 deestssr

150 2516 174 2553 ιι
190 2491 251 2571 έπη
274 2486 328 2553 καὶ
351 2489 543 2574 Καρμεντία
565 2490 586 2572 ἡ
610 2493 755 2573 μαντεία.

260 2595 301 2657 10
325 2604 407 2670 (172).
426 2594 497 2660 Ὅτι
512 2596 697 2682 δηλάτορας
710 2599 788 2672 τοὺς
803 2597 982 2680 διαβόλους
995 2594 1050 2661 καὶ
1066 2613 1123 2660 συ-
1135 2595 1229 2657 deesth

189 2703 357 2786 κοφάντας
379 2707 518 2768 καλοῦσι
536 2703 697 2787 Ῥωμαῖοι.

259 2809 296 2871 11
319 2817 402 2884 (173).
420 2814 596 2895 Φορτοῦνα
609 2811 699 2895 παρά
708 2809 877 2895 Ῥωμαίοις
890 2809 911 2893 ἡ
926 2810 1130 2893 εὐδαιμονία
1138 2806 1229 2870 deesfflr

149 2922 175 2983 ἐτ
259 2915 301 2979 12
325 2923 408 2992 (174).
432 2918 571 3002 Σπάρτα
588 2918 678 3002 παρὰ
697 2917 810 2993 αὐτοῖς
832 2916 852 3001 ἡ
873 2920 1003 3002 σπυρίς,
1023 2917 1044 2999 ἣ
1062 2913 1118 2980 καλ
1135 2913 1227 2977 deesfflr

191 3027 309 3108 φίσκος
324 3029 480 3107 καλεῖται,
494 3023 558 3088 κάν
571 3023 754 3108 διαφέρωσι
768 3031 814 3112 τῷ
824 3028 947 3108 φίσκον
960 3019 1022 3107 μὲν
1031 3026 1191 3088 καλεῖσθαι

189 3131 251 3214 την
281 3131 455 3216 ῥαβδωτην
481 3131 683 3214 πλεκτάνην,
713 3133 861 3217 σπόριαν
891 3127 928 3194 δέ
957 3131 1018 3212 τὴν
1045 3126 1191 3213 φλοιώδη.

262 3305 285 3340 v.
302 3291 317 3339 5
336 3290 402 3357 post
415 3284 533 3360 ῥάβδοις
550 3287 696 3342 ἱολοτοίἀίυ
709 3287 829 3342 fortasse
845 3287 954 3357 aliquid
1026 3293 1042 3340 6
1061 3280 1191 3347 συντλίψει

191 3357 223 3427 S,
247 3358 323 3427 quod
346 3359 452 3413 correxi
543 3365 576 3413 17
596 3359 611 3414 ὁ
636 3356 666 3413 δέ
689 3356 773 3421 λυδός
795 3377 897 3429 φησιν,
920 3357 962 3413 ὅτι
977 3390 1011 3399 -
1027 3364 1059 3412 19
1078 3354 1191 3414 §mewa

192 3428 278 3483 schol.
306 3429 445 3484 Villoison
471 3449 498 3500 p.
523 3437 573 3485 531
689 3435 722 3484 18
747 3431 874 3494 πεισθείς
906 3430 1005 3498 schol.‚
1038 3445 1106 3483 corr.
1128 3424 1191 3479 Hase

192 3506 206 3564 ἓ
217 3506 267 3553 171
283 3499 382 3571 Georg.
395 3501 508 3556 Cedren.
519 3501 585 3557 hist.
597 3517 685 3571 comp.
695 3522 722 3572 p.
734 3508 794 3572 294,
806 3509 838 3557 11
850 3504 937 3557 Bonn.
997 3506 1072 3568 §172
1089 3497 1190 3554 Cedren.

191 3569 260 3623 ibid.
280 3589 307 3639 p.
323 3578 413 3640 298‚7
486 3581 501 3640 ᾖ
522 3579 648 3628 171114
667 3573 781 3628 Cedren.
801 3573 869 3628 ibid.
889 3593 916 3644 p.
932 3579 991 3643 297,
1007 3578 1092 3640 6sqq.
