<?xml version="1.0" encoding="UTF-8"?>
<!DOCTYPE html PUBLIC "-//W3C//DTD XHTML 1.0 Transitional//EN"
    "http://www.w3.org/TR/xhtml1/DTD/xhtml1-transitional.dtd">
<html xmlns="http://www.w3.org/1999/xhtml" xml:lang="en" lang="en">
 <head>
  <title>
</title>
<meta http-equiv="Content-Type" content="text/html;charset=utf-8" />
  <meta name='ocr-system' content='tesseract 3.04.00' />
  <meta name='ocr-capabilities' content='ocr_page ocr_carea ocr_par ocr_line ocrx_word'/>
</head>
<body>
  <div class='ocr_page' id='page_1' title='image "./ioannislaurenti01wuengoog_0065.png"; bbox 0 0 2524 3984; ppageno 0'>
   <div class='ocr_carea' id='block_1_1' title="bbox 161 189 785 246">
    <p class='ocr_par' dir='ltr' id='par_1_1' title="bbox 161 189 785 246">
     <span class='ocr_line' id='line_1_1' title="bbox 161 189 785 246; baseline 0.003 -3"><span class='ocrx_word' id='word_1_1' title='bbox 161 189 263 244; x_wconf 31' lang='lat' dir='ltr'>vnvm</span> <span class='ocrx_word' id='word_1_2' title='bbox 579 189 785 246; x_wconf 80' lang='lat' dir='ltr'><strong>PRAEFATIO</strong></span> 
     </span>
    </p>
   </div>
   <div class='ocr_carea' id='block_1_2' title="bbox 166 354 1192 3636">
    <p class='ocr_par' dir='ltr' id='par_1_2' title="bbox 173 354 1192 1505">
     <span class='ocr_line' id='line_1_2' title="bbox 175 354 1192 440; baseline 0.002 -22"><span class='ocrx_word' id='word_1_3' title='bbox 175 367 228 436; x_wconf 85' lang='grc' dir='ltr'><strong><em>τῆς</em></strong></span> <span class='ocrx_word' id='word_1_4' title='bbox 250 357 413 437; x_wconf 72' lang='grc' dir='ltr'><em>γερουσίας,</em></span> <span class='ocrx_word' id='word_1_5' title='bbox 436 354 510 438; x_wconf 70' lang='grc' dir='ltr'><strong><em>ὑπὲρ</em></strong></span> <span class='ocrx_word' id='word_1_6' title='bbox 533 367 585 437; x_wconf 82' lang='grc' dir='ltr'><strong><em>τῆς</em></strong></span> <span class='ocrx_word' id='word_1_7' title='bbox 611 368 697 437; x_wconf 84' lang='grc' dir='ltr'><strong><em>τιμῆς</em></strong></span> <span class='ocrx_word' id='word_1_8' title='bbox 720 366 778 419; x_wconf 81' lang='grc' dir='ltr'><strong><em>τῶν</em></strong></span> <span class='ocrx_word' id='word_1_9' title='bbox 801 355 877 419; x_wconf 89' lang='grc' dir='ltr'><strong><em>νέων</em></strong></span> <span class='ocrx_word' id='word_1_10' title='bbox 900 360 1008 433; x_wconf 84' lang='grc' dir='ltr'><strong><em>τεθείς·</em></strong></span> <span class='ocrx_word' id='word_1_11' title='bbox 1033 359 1192 440; x_wconf 80' lang='grc' dir='ltr'><strong><em>ἰουνιῶρας</em></strong></span> 
     </span>
     <span class='ocr_line' id='line_1_3' title="bbox 175 444 1191 528; baseline 0.007 -23"><span class='ocrx_word' id='word_1_12' title='bbox 175 445 231 528; x_wconf 73' lang='grc' dir='ltr'>γάρ</span> <span class='ocrx_word' id='word_1_13' title='bbox 250 445 319 519; x_wconf 85' lang='grc' dir='ltr'><strong><em>τοὺς</em></strong></span> <span class='ocrx_word' id='word_1_14' title='bbox 337 444 496 526; x_wconf 72' lang='grc' dir='ltr'><strong><em>νεωτέρους</em></strong></span> <span class='ocrx_word' id='word_1_15' title='bbox 514 447 616 525; x_wconf 81' lang='grc' dir='ltr'><strong><em>φασίν.</em></strong></span> <span class='ocrx_word' id='word_1_16' title='bbox 649 447 761 520; x_wconf 84' lang='grc' dir='ltr'><strong><em>ιὀάλιος</em></strong></span> <span class='ocrx_word' id='word_1_17' title='bbox 775 444 806 508; x_wconf 78' lang='grc' dir='ltr'>δέ</span> <span class='ocrx_word' id='word_1_18' title='bbox 821 445 880 508; x_wconf 82' lang='grc' dir='ltr'>ἀπὸ</span> <span class='ocrx_word' id='word_1_19' title='bbox 894 457 946 510; x_wconf 82' lang='grc' dir='ltr'>τοῦ</span> <span class='ocrx_word' id='word_1_20' title='bbox 960 449 1075 510; x_wconf 84' lang='grc' dir='ltr'><strong><em>ιὀυλίον</em></strong></span> <span class='ocrx_word' id='word_1_21' title='bbox 1088 450 1191 512; x_wconf 78' lang='grc' dir='ltr'><strong><em>καίσα-</em></strong></span> 
     </span>
     <span class='ocr_line' id='line_1_4' title="bbox 176 528 1192 617; baseline 0.004 -21"><span class='ocrx_word' id='word_1_22' title='bbox 176 557 237 617; x_wconf 82' lang='grc' dir='ltr'><strong><em>ρος,</em></strong></span> <span class='ocrx_word' id='word_1_23' title='bbox 260 533 301 608; x_wconf 84' lang='grc' dir='ltr'>ὡς</span> <span class='ocrx_word' id='word_1_24' title='bbox 324 528 388 596; x_wconf 83' lang='grc' dir='ltr'><strong><em>κατ’</em></strong></span> <span class='ocrx_word' id='word_1_25' title='bbox 409 535 500 598; x_wconf 80' lang='grc' dir='ltr'><strong><em>αὐτὸν</em></strong></span> <span class='ocrx_word' id='word_1_26' title='bbox 521 533 691 616; x_wconf 77' lang='grc' dir='ltr'><strong><em>τεχθέντος,</em></strong></span> <span class='ocrx_word' id='word_1_27' title='bbox 718 537 859 617; x_wconf 82' lang='grc' dir='ltr'><strong><em>πρότερον</em></strong></span> <span class='ocrx_word' id='word_1_28' title='bbox 883 534 919 600; x_wconf 69' lang='lat' dir='ltr'>dt</span> <span class='ocrx_word' id='word_1_29' title='bbox 946 538 1094 610; x_wconf 80' lang='grc' dir='ltr'><strong><em>ινυντίλιος</em></strong></span> <span class='ocrx_word' id='word_1_30' title='bbox 1115 536 1192 602; x_wconf 78' lang='grc' dir='ltr'><strong><em>ὠνο-</em></strong></span> 
     </span>
     <span class='ocr_line' id='line_1_5' title="bbox 176 622 1191 708; baseline 0.003 -22"><span class='ocrx_word' id='word_1_31' title='bbox 176 625 291 704; x_wconf 82' lang='grc' dir='ltr'><strong><em>μάζετο,</em></strong></span> <span class='ocrx_word' id='word_1_32' title='bbox 318 622 448 686; x_wconf 77' lang='grc' dir='ltr'><strong><em>τουτέστι</em></strong></span> <span class='ocrx_word' id='word_1_33' title='bbox 469 622 600 704; x_wconf 84' lang='grc' dir='ltr'><strong><em>πέμπτος</em></strong></span> <span class='ocrx_word' id='word_1_34' title='bbox 623 623 681 686; x_wconf 71' lang='grc' dir='ltr'>άπὸ</span> <span class='ocrx_word' id='word_1_35' title='bbox 704 635 756 704; x_wconf 79' lang='grc' dir='ltr'><strong><em>τῆς</em></strong></span> <span class='ocrx_word' id='word_1_36' title='bbox 783 629 935 704; x_wconf 77' lang='grc' dir='ltr'><strong><em>πολιτικῆς</em></strong></span> <span class='ocrx_word' id='word_1_37' title='bbox 957 635 1010 694; x_wconf 84' lang='grc' dir='ltr'>τοῦ</span> <span class='ocrx_word' id='word_1_38' title='bbox 1032 625 1118 699; x_wconf 74' lang='grc' dir='ltr'><strong><em>ἔτους</em></strong></span> <span class='ocrx_word' id='word_1_39' title='bbox 1140 625 1191 708; x_wconf 60' lang='lat' dir='ltr'>ria</span> 
     </span>
     <span class='ocr_line' id='line_1_6' title="bbox 174 711 1191 795; baseline 0.006 -23"><span class='ocrx_word' id='word_1_40' title='bbox 174 723 241 794; x_wconf 76' lang='grc' dir='ltr'><strong><em>χῆς·</em></strong></span> <span class='ocrx_word' id='word_1_41' title='bbox 272 712 330 776; x_wconf 85' lang='grc' dir='ltr'>ἀπὸ</span> <span class='ocrx_word' id='word_1_42' title='bbox 359 711 416 795; x_wconf 79' lang='grc' dir='ltr'>γάρ</span> <span class='ocrx_word' id='word_1_43' title='bbox 445 723 497 792; x_wconf 87' lang='grc' dir='ltr'><strong><em>τῆς</em></strong></span> <span class='ocrx_word' id='word_1_44' title='bbox 528 715 674 793; x_wconf 70' lang='grc' dir='ltr'><strong><em>ἱερατικῆς</em></strong></span> <span class='ocrx_word' id='word_1_45' title='bbox 702 712 795 795; x_wconf 80' lang='grc' dir='ltr'><strong><em>ἀρχῆς</em></strong></span> <span class='ocrx_word' id='word_1_46' title='bbox 824 713 890 792; x_wconf 80' lang='grc' dir='ltr'><strong><em>ῆτοι</em></strong></span> <span class='ocrx_word' id='word_1_47' title='bbox 916 724 974 776; x_wconf 84' lang='grc' dir='ltr'><strong><em>τῶν</em></strong></span> <span class='ocrx_word' id='word_1_48' title='bbox 999 715 1191 795; x_wconf 76' lang='grc' dir='ltr'><strong><em>αὐξιφωτίοιν</em></strong></span> 
     </span>
     <span class='ocr_line' id='line_1_7' title="bbox 175 800 1190 885; baseline 0.005 -23"><span class='ocrx_word' id='word_1_49' title='bbox 175 800 302 883; x_wconf 75' lang='grc' dir='ltr'><strong><em>ἕβδομός</em></strong></span> <span class='ocrx_word' id='word_1_50' title='bbox 324 801 412 864; x_wconf 78' lang='grc' dir='ltr'><strong><em>ἐστιν.</em></strong></span> <span class='ocrx_word' id='word_1_51' title='bbox 453 801 615 884; x_wconf 75' lang='grc' dir='ltr'><strong><em>αάμονστος</em></strong></span> <span class='ocrx_word' id='word_1_52' title='bbox 636 801 748 882; x_wconf 56' lang='grc' dir='ltr'>γὁμοίοις</span> <span class='ocrx_word' id='word_1_53' title='bbox 771 801 831 864; x_wconf 85' lang='grc' dir='ltr'>ἀπὸ</span> <span class='ocrx_word' id='word_1_54' title='bbox 854 804 1019 885; x_wconf 56' lang='lat' dir='ltr'>adeodatae</span> <span class='ocrx_word' id='word_1_55' title='bbox 1038 805 1190 885; x_wconf 77' lang='grc' dir='ltr'><strong><em>παάσαρος·</em></strong></span> 
     </span>
     <span class='ocr_line' id='line_1_8' title="bbox 174 888 1189 974; baseline 0.008 -23"><span class='ocrx_word' id='word_1_56' title='bbox 174 890 318 972; x_wconf 85' lang='grc' dir='ltr'><strong><em>πρότερον</em></strong></span> <span class='ocrx_word' id='word_1_57' title='bbox 348 888 381 951; x_wconf 80' lang='grc' dir='ltr'>δέ</span> <span class='ocrx_word' id='word_1_58' title='bbox 411 892 549 965; x_wconf 81' lang='grc' dir='ltr'><strong><em>σεξτίλιος</em></strong></span> <span class='ocrx_word' id='word_1_59' title='bbox 577 889 750 971; x_wconf 80' lang='grc' dir='ltr'><strong><em>ὠνομάζετο,</em></strong></span> <span class='ocrx_word' id='word_1_60' title='bbox 783 889 824 966; x_wconf 78' lang='grc' dir='ltr'>ὡς</span> <span class='ocrx_word' id='word_1_61' title='bbox 853 890 934 966; x_wconf 72' lang='grc' dir='ltr'><strong><em>ἕκτος</em></strong></span> <span class='ocrx_word' id='word_1_62' title='bbox 964 891 1023 954; x_wconf 87' lang='grc' dir='ltr'>άπὸ</span> <span class='ocrx_word' id='word_1_63' title='bbox 1051 895 1189 974; x_wconf 80' lang='grc' dir='ltr'><strong><em>μαρτλον·</em></strong></span> 
     </span>
     <span class='ocr_line' id='line_1_9' title="bbox 176 978 1191 1062; baseline 0.004 -22"><span class='ocrx_word' id='word_1_64' title='bbox 176 981 393 1060; x_wconf 78' lang='grc' dir='ltr'><strong><em>μετωνομάσθη</em></strong></span> <span class='ocrx_word' id='word_1_65' title='bbox 419 978 453 1042; x_wconf 76' lang='lat' dir='ltr'>di</span> <span class='ocrx_word' id='word_1_66' title='bbox 483 981 525 1054; x_wconf 85' lang='grc' dir='ltr'>εἰς</span> <span class='ocrx_word' id='word_1_67' title='bbox 551 980 640 1060; x_wconf 78' lang='grc' dir='ltr'><strong><em>τιμὴν</em></strong></span> <span class='ocrx_word' id='word_1_68' title='bbox 662 981 848 1062; x_wconf 76' lang='grc' dir='ltr'><strong><em>αάγοάστον,</em></strong></span> <span class='ocrx_word' id='word_1_69' title='bbox 881 979 921 1055; x_wconf 79' lang='grc' dir='ltr'>ὡς</span> <span class='ocrx_word' id='word_1_70' title='bbox 948 983 1191 1062; x_wconf 81' lang='grc' dir='ltr'><strong><em>καταπαύσαντος</em></strong></span> 
     </span>
     <span class='ocr_line' id='line_1_10' title="bbox 174 1067 1190 1150; baseline 0.003 -21"><span class='ocrx_word' id='word_1_71' title='bbox 174 1069 245 1142; x_wconf 82' lang='grc' dir='ltr'><strong><em>τοὺς</em></strong></span> <span class='ocrx_word' id='word_1_72' title='bbox 267 1068 432 1148; x_wconf 77' lang='grc' dir='ltr'><strong><em>ἐμφυλίους</em></strong></span> <span class='ocrx_word' id='word_1_73' title='bbox 455 1067 602 1148; x_wconf 79' lang='grc' dir='ltr'><strong><em>πολέμους</em></strong></span> <span class='ocrx_word' id='word_1_74' title='bbox 628 1068 678 1131; x_wconf 82' lang='grc' dir='ltr'>παὶ</span> <span class='ocrx_word' id='word_1_75' title='bbox 702 1068 864 1150; x_wconf 75' lang='grc' dir='ltr'><strong><em>ὁμονοῆσαι</em></strong></span> <span class='ocrx_word' id='word_1_76' title='bbox 885 1071 999 1144; x_wconf 81' lang='grc' dir='ltr'><strong><em>πάντας</em></strong></span> <span class='ocrx_word' id='word_1_77' title='bbox 1019 1073 1190 1146; x_wconf 74' lang='grc' dir='ltr'><strong><em>πείσαντος·</em></strong></span> 
     </span>
     <span class='ocr_line' id='line_1_11' title="bbox 173 1151 1190 1242; baseline 0.004 -24"><span class='ocrx_word' id='word_1_78' title='bbox 173 1157 224 1218; x_wconf 81' lang='lat' dir='ltr'>acl</span> <span class='ocrx_word' id='word_1_79' title='bbox 251 1156 352 1236; x_wconf 75' lang='grc' dir='ltr'><strong><em>ἐπειδὴ</em></strong></span> <span class='ocrx_word' id='word_1_80' title='bbox 382 1152 424 1240; x_wconf 86' lang='lat' dir='ltr'>(p.</span> <span class='ocrx_word' id='word_1_81' title='bbox 446 1161 523 1234; x_wconf 96' lang='grc'>150,</span> <span class='ocrx_word' id='word_1_82' title='bbox 543 1151 578 1240; x_wconf 90' lang='lat'>8)</span> <span class='ocrx_word' id='word_1_83' title='bbox 598 1193 640 1205; x_wconf 52' lang='grc' dir='ltr'><strong>ψ</strong></span> <span class='ocrx_word' id='word_1_84' title='bbox 659 1156 853 1239; x_wconf 75' lang='grc' dir='ltr'><strong><em>ὡμολόγησαν</em></strong></span> <span class='ocrx_word' id='word_1_85' title='bbox 878 1153 1100 1242; x_wconf 69' lang='grc'>(1115015).</span> <span class='ocrx_word' id='word_1_86' title='bbox 1146 1179 1190 1222; x_wconf 81' lang='grc' dir='ltr'>σε·</span> 
     </span>
     <span class='ocr_line' id='line_1_12' title="bbox 174 1239 1191 1330; baseline 0.003 -24"><span class='ocrx_word' id='word_1_87' title='bbox 174 1243 333 1327; x_wconf 81' lang='grc' dir='ltr'><strong><em>πτέμβριος</em></strong></span> <span class='ocrx_word' id='word_1_88' title='bbox 352 1243 384 1306; x_wconf 72' lang='lat' dir='ltr'>dt</span> <span class='ocrx_word' id='word_1_89' title='bbox 404 1245 529 1326; x_wconf 72' lang='grc' dir='ltr'><strong><em>ἕβδομος</em></strong></span> <span class='ocrx_word' id='word_1_90' title='bbox 547 1245 605 1310; x_wconf 85' lang='grc' dir='ltr'>άπὸ</span> <span class='ocrx_word' id='word_1_91' title='bbox 624 1257 676 1308; x_wconf 84' lang='grc' dir='ltr'>τοῦ</span> <span class='ocrx_word' id='word_1_92' title='bbox 695 1239 779 1327; x_wconf 72' lang='grc' dir='ltr'><strong><em>ἦρος·</em></strong></span> <span class='ocrx_word' id='word_1_93' title='bbox 803 1245 909 1328; x_wconf 86' lang='grc' dir='ltr'><strong><em>σέπτεμ</em></strong></span> <span class='ocrx_word' id='word_1_94' title='bbox 926 1249 981 1330; x_wconf 82' lang='grc' dir='ltr'>γὰρ</span> <span class='ocrx_word' id='word_1_95' title='bbox 998 1248 1034 1310; x_wconf 83' lang='grc' dir='ltr'><strong><em>τά</em></strong></span> <span class='ocrx_word' id='word_1_96' title='bbox 1052 1249 1125 1310; x_wconf 76' lang='grc' dir='ltr'><strong><em>ἑπτά</em></strong></span> <span class='ocrx_word' id='word_1_97' title='bbox 1143 1248 1191 1312; x_wconf 78' lang='grc' dir='ltr'>καὶ</span> 
     </span>
     <span class='ocr_line' id='line_1_13' title="bbox 175 1329 1190 1420; baseline 0.004 -24"><span class='ocrx_word' id='word_1_98' title='bbox 175 1332 227 1415; x_wconf 79' lang='grc' dir='ltr'>βέρ</span> <span class='ocrx_word' id='word_1_99' title='bbox 250 1335 283 1399; x_wconf 88' lang='grc' dir='ltr'><strong><em>τὸ</em></strong></span> <span class='ocrx_word' id='word_1_100' title='bbox 311 1335 374 1415; x_wconf 86' lang='grc' dir='ltr'><strong><em>έαρ·</em></strong></span> <span class='ocrx_word' id='word_1_101' title='bbox 398 1331 558 1417; x_wconf 77' lang='grc' dir='ltr'><strong><em>ὀκτώβριος</em></strong></span> <span class='ocrx_word' id='word_1_102' title='bbox 582 1334 687 1417; x_wconf 74' lang='grc' dir='ltr'><strong><em>ὄγδοος</em></strong></span> <span class='ocrx_word' id='word_1_103' title='bbox 708 1335 769 1398; x_wconf 85' lang='grc' dir='ltr'>άπὸ</span> <span class='ocrx_word' id='word_1_104' title='bbox 792 1346 845 1399; x_wconf 80' lang='grc' dir='ltr'>τοῦ</span> <span class='ocrx_word' id='word_1_105' title='bbox 868 1329 940 1419; x_wconf 74' lang='grc' dir='ltr'><strong><em>ἦρος</em></strong></span> <span class='ocrx_word' id='word_1_106' title='bbox 962 1337 1013 1398; x_wconf 79' lang='grc' dir='ltr'>καὶ</span> <span class='ocrx_word' id='word_1_107' title='bbox 1034 1337 1190 1420; x_wconf 85' lang='grc' dir='ltr'><strong><em>νοέμβριος</em></strong></span> 
     </span>
     <span class='ocr_line' id='line_1_14' title="bbox 173 1421 556 1505; baseline -0.003 -21"><span class='ocrx_word' id='word_1_108' title='bbox 173 1422 223 1484; x_wconf 80' lang='grc' dir='ltr'>καὶ</span> <span class='ocrx_word' id='word_1_109' title='bbox 246 1421 416 1505; x_wconf 78' lang='grc' dir='ltr'><strong><em>δεκέμβριος</em></strong></span> <span class='ocrx_word' id='word_1_110' title='bbox 440 1422 556 1502; x_wconf 81' lang='grc' dir='ltr'><strong><em>ὁμοίως.</em></strong></span> 
     </span>
    </p>

    <p class='ocr_par' dir='ltr' id='par_1_3' title="bbox 172 1515 1190 2131">
     <span class='ocr_line' id='line_1_15' title="bbox 241 1515 1190 1592; baseline 0.007 -18"><span class='ocrx_word' id='word_1_111' title='bbox 241 1515 375 1574; x_wconf 88' lang='lat' dir='ltr'>videmus</span> <span class='ocrx_word' id='word_1_112' title='bbox 397 1515 505 1592; x_wconf 84' lang='lat' dir='ltr'>igitur,</span> <span class='ocrx_word' id='word_1_113' title='bbox 531 1515 695 1574; x_wconf 83' lang='lat' dir='ltr'>Maximum</span> <span class='ocrx_word' id='word_1_114' title='bbox 717 1519 857 1592; x_wconf 85' lang='lat' dir='ltr'>perarato</span> <span class='ocrx_word' id='word_1_115' title='bbox 884 1519 949 1577; x_wconf 90' lang='lat' dir='ltr'>toto</span> <span class='ocrx_word' id='word_1_116' title='bbox 972 1518 1123 1578; x_wconf 85' lang='lat' dir='ltr'>volumine</span> <span class='ocrx_word' id='word_1_117' title='bbox 1145 1537 1190 1582; x_wconf 81' lang='lat' dir='ltr'>rc·</span> 
     </span>
     <span class='ocr_line' id='line_1_16' title="bbox 173 1603 1188 1684; baseline 0.004 -22"><span class='ocrx_word' id='word_1_118' title='bbox 173 1604 263 1666; x_wconf 87' lang='lat' dir='ltr'>diisso</span> <span class='ocrx_word' id='word_1_119' title='bbox 287 1603 327 1662; x_wconf 87' lang='lat' dir='ltr'>ad</span> <span class='ocrx_word' id='word_1_120' title='bbox 348 1603 469 1662; x_wconf 88' lang='lat' dir='ltr'>initium</span> <span class='ocrx_word' id='word_1_121' title='bbox 489 1603 560 1664; x_wconf 87' lang='lat' dir='ltr'>libri</span> <span class='ocrx_word' id='word_1_122' title='bbox 581 1605 685 1680; x_wconf 80' lang='lat' dir='ltr'>quarti</span> <span class='ocrx_word' id='word_1_123' title='bbox 708 1608 738 1664; x_wconf 89' lang='lat' dir='ltr'>et</span> <span class='ocrx_word' id='word_1_124' title='bbox 760 1623 865 1664; x_wconf 86' lang='lat' dir='ltr'>causas</span> <span class='ocrx_word' id='word_1_125' title='bbox 886 1605 1042 1668; x_wconf 77' lang='lat' dir='ltr'>nominum</span> <span class='ocrx_word' id='word_1_126' title='bbox 1064 1607 1188 1684; x_wconf 77' lang='lat' dir='ltr'>singulis</span> 
     </span>
     <span class='ocr_line' id='line_1_17' title="bbox 173 1692 1188 1770; baseline 0.002 -18"><span class='ocrx_word' id='word_1_127' title='bbox 173 1692 322 1752; x_wconf 87' lang='lat' dir='ltr'>mensibus</span> <span class='ocrx_word' id='word_1_128' title='bbox 350 1692 514 1752; x_wconf 85' lang='lat' dir='ltr'>inditorum</span> <span class='ocrx_word' id='word_1_129' title='bbox 540 1693 572 1750; x_wconf 90' lang='lat' dir='ltr'>in</span> <span class='ocrx_word' id='word_1_130' title='bbox 599 1693 658 1753; x_wconf 89' lang='lat' dir='ltr'>fine</span> <span class='ocrx_word' id='word_1_131' title='bbox 686 1694 869 1756; x_wconf 73' lang='lat' dir='ltr'>collectionis</span> <span class='ocrx_word' id='word_1_132' title='bbox 896 1695 1041 1770; x_wconf 81' lang='lat' dir='ltr'>posuisse:</span> <span class='ocrx_word' id='word_1_133' title='bbox 1068 1699 1101 1754; x_wconf 83' lang='lat' dir='ltr'>et</span> <span class='ocrx_word' id='word_1_134' title='bbox 1129 1697 1188 1754; x_wconf 90' lang='lat' dir='ltr'>eius</span> 
     </span>
     <span class='ocr_line' id='line_1_18' title="bbox 174 1781 1189 1860; baseline 0.004 -22"><span class='ocrx_word' id='word_1_135' title='bbox 174 1801 293 1857; x_wconf 88' lang='lat' dir='ltr'>quoque</span> <span class='ocrx_word' id='word_1_136' title='bbox 315 1781 534 1842; x_wconf 73' lang='lat' dir='ltr'>dissertationis</span> <span class='ocrx_word' id='word_1_137' title='bbox 558 1783 721 1858; x_wconf 83' lang='lat' dir='ltr'>particulas</span> <span class='ocrx_word' id='word_1_138' title='bbox 748 1783 789 1841; x_wconf 89' lang='lat' dir='ltr'>ad</span> <span class='ocrx_word' id='word_1_139' title='bbox 812 1802 897 1844; x_wconf 86' lang='lat' dir='ltr'>suam</span> <span class='ocrx_word' id='word_1_140' title='bbox 920 1803 1067 1860; x_wconf 88' lang='lat' dir='ltr'>quamque</span> <span class='ocrx_word' id='word_1_141' title='bbox 1092 1785 1189 1844; x_wconf 88' lang='lat' dir='ltr'>sedem</span> 
     </span>
     <span class='ocr_line' id='line_1_19' title="bbox 173 1864 1187 1952; baseline 0.005 -25"><span class='ocrx_word' id='word_1_142' title='bbox 173 1889 312 1929; x_wconf 85' lang='lat' dir='ltr'>revocare</span> <span class='ocrx_word' id='word_1_143' title='bbox 340 1889 406 1928; x_wconf 89' lang='lat' dir='ltr'>sum</span> <span class='ocrx_word' id='word_1_144' title='bbox 433 1874 557 1930; x_wconf 90' lang='lat' dir='ltr'>conatus</span> <span class='ocrx_word' id='word_1_145' title='bbox 585 1864 645 1952; x_wconf 83' lang='lat' dir='ltr'>(ed.</span> <span class='ocrx_word' id='word_1_146' title='bbox 669 1892 697 1947; x_wconf 91' lang='lat' dir='ltr'>p.</span> <span class='ocrx_word' id='word_1_147' title='bbox 718 1874 772 1948; x_wconf 94' lang='grc'>63,</span> <span class='ocrx_word' id='word_1_148' title='bbox 793 1875 811 1931; x_wconf 89' lang='grc'><strong>3</strong></span> <span class='ocrx_word' id='word_1_149' title='bbox 832 1892 909 1948; x_wconf 66' lang='grc' dir='ltr'><strong><em>ορρ,</em></strong></span> <span class='ocrx_word' id='word_1_150' title='bbox 926 1875 986 1947; x_wconf 88' lang='grc'>83,</span> <span class='ocrx_word' id='word_1_151' title='bbox 1004 1876 1024 1936; x_wconf 89' lang='grc'>2</span> <span class='ocrx_word' id='word_1_152' title='bbox 1044 1893 1113 1949; x_wconf 85' lang='lat' dir='ltr'>app.</span> <span class='ocrx_word' id='word_1_153' title='bbox 1140 1876 1187 1947; x_wconf 92' lang='grc'>91,</span> 
     </span>
     <span class='ocr_line' id='line_1_20' title="bbox 176 1961 1187 2038; baseline 0.002 -20"><span class='ocrx_word' id='word_1_154' title='bbox 176 1961 216 2018; x_wconf 89' lang='grc'>16</span> <span class='ocrx_word' id='word_1_155' title='bbox 237 1979 305 2036; x_wconf 86' lang='lat' dir='ltr'>app.</span> <span class='ocrx_word' id='word_1_156' title='bbox 332 1961 404 2033; x_wconf 87' lang='grc'>118,</span> <span class='ocrx_word' id='word_1_157' title='bbox 425 1962 532 2035; x_wconf 80' lang='grc' dir='ltr'><strong><em>9-ορρ.</em></strong></span> <span class='ocrx_word' id='word_1_158' title='bbox 559 1963 631 2035; x_wconf 82' lang='grc'>121,</span> <span class='ocrx_word' id='word_1_159' title='bbox 653 1962 693 2018; x_wconf 89' lang='grc'>15</span> <span class='ocrx_word' id='word_1_160' title='bbox 708 1980 776 2036; x_wconf 87' lang='lat' dir='ltr'>app.</span> <span class='ocrx_word' id='word_1_161' title='bbox 807 1964 880 2036; x_wconf 88' lang='grc'>136,</span> <span class='ocrx_word' id='word_1_162' title='bbox 902 1964 943 2021; x_wconf 96' lang='grc'>14</span> <span class='ocrx_word' id='word_1_163' title='bbox 962 1981 1029 2038; x_wconf 91' lang='lat' dir='ltr'>app.</span> <span class='ocrx_word' id='word_1_164' title='bbox 1060 1965 1133 2036; x_wconf 84' lang='lat'>141,</span> <span class='ocrx_word' id='word_1_165' title='bbox 1151 1965 1187 2021; x_wconf 90' lang='grc'>13</span> 
     </span>
     <span class='ocr_line' id='line_1_21' title="bbox 172 2042 1155 2131; baseline 0.002 -23"><span class='ocrx_word' id='word_1_166' title='bbox 172 2068 242 2124; x_wconf 87' lang='lat' dir='ltr'>app.</span> <span class='ocrx_word' id='word_1_167' title='bbox 269 2050 341 2124; x_wconf 89' lang='grc'>149,</span> <span class='ocrx_word' id='word_1_168' title='bbox 358 2051 397 2108; x_wconf 90' lang='grc'>19</span> <span class='ocrx_word' id='word_1_169' title='bbox 411 2069 477 2124; x_wconf 88' lang='lat' dir='ltr'>app.</span> <span class='ocrx_word' id='word_1_170' title='bbox 504 2050 577 2123; x_wconf 84' lang='lat'>150,</span> <span class='ocrx_word' id='word_1_171' title='bbox 593 2050 700 2108; x_wconf 79' lang='lat'>8—-15</span> <span class='ocrx_word' id='word_1_172' title='bbox 728 2052 800 2123; x_wconf 83' lang='lat'>158,</span> <span class='ocrx_word' id='word_1_173' title='bbox 817 2053 857 2110; x_wconf 89' lang='grc'>16</span> <span class='ocrx_word' id='word_1_174' title='bbox 869 2069 937 2126; x_wconf 89' lang='lat' dir='ltr'>app.</span> <span class='ocrx_word' id='word_1_175' title='bbox 960 2053 1031 2124; x_wconf 88' lang='grc'>159,</span> <span class='ocrx_word' id='word_1_176' title='bbox 1043 2042 1155 2131; x_wconf 86' lang='grc'>2-4).</span> 
     </span>
    </p>

    <p class='ocr_par' dir='ltr' id='par_1_4' title="bbox 166 2138 1188 3369">
     <span class='ocr_line' id='line_1_22' title="bbox 239 2138 1188 2213; baseline 0.004 -17"><span class='ocrx_word' id='word_1_177' title='bbox 239 2138 340 2213; x_wconf 81' lang='lat' dir='ltr'><strong>Atque</strong></span> <span class='ocrx_word' id='word_1_178' title='bbox 369 2138 444 2196; x_wconf 88' lang='lat' dir='ltr'>haec</span> <span class='ocrx_word' id='word_1_179' title='bbox 474 2138 594 2213; x_wconf 87' lang='lat' dir='ltr'>quidem</span> <span class='ocrx_word' id='word_1_180' title='bbox 622 2139 766 2199; x_wconf 86' lang='lat' dir='ltr'>hactenus</span> <span class='ocrx_word' id='word_1_181' title='bbox 797 2141 833 2198; x_wconf 89' lang='lat' dir='ltr'>de</span> <span class='ocrx_word' id='word_1_182' title='bbox 862 2141 1032 2200; x_wconf 78' lang='lat' dir='ltr'>recensione</span> <span class='ocrx_word' id='word_1_183' title='bbox 1059 2140 1188 2200; x_wconf 86' lang='lat' dir='ltr'>Lauren·</span> 
     </span>
     <span class='ocr_line' id='line_1_23' title="bbox 172 2226 1187 2304; baseline 0.004 -18"><span class='ocrx_word' id='word_1_184' title='bbox 172 2227 249 2286; x_wconf 87' lang='lat' dir='ltr'>tiani</span> <span class='ocrx_word' id='word_1_185' title='bbox 271 2227 341 2286; x_wconf 90' lang='lat' dir='ltr'>libri</span> <span class='ocrx_word' id='word_1_186' title='bbox 365 2245 383 2284; x_wconf 92' lang='lat' dir='ltr'>a</span> <span class='ocrx_word' id='word_1_187' title='bbox 405 2227 536 2286; x_wconf 84' lang='lat' dir='ltr'>Maximo</span> <span class='ocrx_word' id='word_1_188' title='bbox 560 2226 695 2285; x_wconf 89' lang='lat' dir='ltr'>Planude</span> <span class='ocrx_word' id='word_1_189' title='bbox 718 2228 857 2289; x_wconf 82' lang='lat' dir='ltr'>instituta</span> <span class='ocrx_word' id='word_1_190' title='bbox 883 2229 980 2304; x_wconf 80' lang='lat' dir='ltr'>deque</span> <span class='ocrx_word' id='word_1_191' title='bbox 1006 2229 1087 2288; x_wconf 89' lang='lat' dir='ltr'>illius</span> <span class='ocrx_word' id='word_1_192' title='bbox 1112 2229 1187 2290; x_wconf 89' lang='lat' dir='ltr'>ccdi-</span> 
     </span>
     <span class='ocr_line' id='line_1_24' title="bbox 173 2315 1187 2394; baseline 0.003 -20"><span class='ocrx_word' id='word_1_193' title='bbox 173 2315 268 2391; x_wconf 82' lang='lat' dir='ltr'>cibus3</span> <span class='ocrx_word' id='word_1_194' title='bbox 292 2316 468 2390; x_wconf 88' lang='lat' dir='ltr'>priusquam</span> <span class='ocrx_word' id='word_1_195' title='bbox 491 2318 592 2374; x_wconf 88' lang='lat' dir='ltr'>autem</span> <span class='ocrx_word' id='word_1_196' title='bbox 614 2316 752 2392; x_wconf 89' lang='lat' dir='ltr'>princeps</span> <span class='ocrx_word' id='word_1_197' title='bbox 771 2317 803 2374; x_wconf 92' lang='lat' dir='ltr'>in</span> <span class='ocrx_word' id='word_1_198' title='bbox 821 2318 918 2382; x_wconf 81' lang='lat' dir='ltr'>lucem</span> <span class='ocrx_word' id='word_1_199' title='bbox 936 2317 1070 2394; x_wconf 84' lang='lat' dir='ltr'>prodiret</span> <span class='ocrx_word' id='word_1_200' title='bbox 1085 2319 1187 2392; x_wconf 84' lang='lat' dir='ltr'>editio,</span> 
     </span>
     <span class='ocr_line' id='line_1_25' title="bbox 174 2404 1188 2486; baseline 0.002 -25"><span class='ocrx_word' id='word_1_201' title='bbox 174 2404 218 2462; x_wconf 87' lang='lat' dir='ltr'>usi</span> <span class='ocrx_word' id='word_1_202' title='bbox 251 2422 287 2462; x_wconf 90' lang='lat' dir='ltr'>ea</span> <span class='ocrx_word' id='word_1_203' title='bbox 319 2407 389 2462; x_wconf 91' lang='lat' dir='ltr'>sunt</span> <span class='ocrx_word' id='word_1_204' title='bbox 418 2437 466 2486; x_wconf 9' lang='grc' dir='ltr'>-Ὶ</span> <span class='ocrx_word' id='word_1_205' title='bbox 492 2407 597 2480; x_wconf 82' lang='lat' dir='ltr'>atque,</span> <span class='ocrx_word' id='word_1_206' title='bbox 628 2407 663 2463; x_wconf 88' lang='lat' dir='ltr'>ut</span> <span class='ocrx_word' id='word_1_207' title='bbox 694 2405 804 2464; x_wconf 89' lang='lat' dir='ltr'>Hasius</span> <span class='ocrx_word' id='word_1_208' title='bbox 836 2407 1053 2468; x_wconf 82' lang='lat' dir='ltr'>demonstravit</span> <span class='ocrx_word' id='word_1_209' title='bbox 1086 2426 1188 2469; x_wconf 89' lang='lat' dir='ltr'>comm.</span> 
     </span>
     <span class='ocr_line' id='line_1_26' title="bbox 172 2493 1187 2568; baseline 0.005 -19"><span class='ocrx_word' id='word_1_210' title='bbox 172 2513 201 2568; x_wconf 88' lang='lat' dir='ltr'>p.</span> <span class='ocrx_word' id='word_1_211' title='bbox 220 2493 286 2566; x_wconf 83' lang='lat' dir='ltr'>XL,</span> <span class='ocrx_word' id='word_1_212' title='bbox 312 2493 379 2568; x_wconf 91' lang='lat' dir='ltr'>ipso</span> <span class='ocrx_word' id='word_1_213' title='bbox 407 2493 508 2553; x_wconf 87' lang='lat' dir='ltr'>codice</span> <span class='ocrx_word' id='word_1_214' title='bbox 531 2493 555 2550; x_wconf 83' lang='lat' dir='ltr'><strong>F</strong></span> <span class='ocrx_word' id='word_1_215' title='bbox 580 2526 622 2534; x_wconf 89' lang='lat'>—</span> <span class='ocrx_word' id='word_1_216' title='bbox 645 2493 802 2568; x_wconf 86' lang='lat' dir='ltr'>Boivinus‚</span> <span class='ocrx_word' id='word_1_217' title='bbox 831 2513 898 2554; x_wconf 88' lang='lat' dir='ltr'>cum</span> <span class='ocrx_word' id='word_1_218' title='bbox 921 2499 1011 2556; x_wconf 88' lang='lat' dir='ltr'>notas</span> <span class='ocrx_word' id='word_1_219' title='bbox 1040 2497 1079 2554; x_wconf 89' lang='lat' dir='ltr'>ad</span> <span class='ocrx_word' id='word_1_220' title='bbox 1103 2496 1187 2555; x_wconf 87' lang='lat' dir='ltr'>Nice·</span> 
     </span>
     <span class='ocr_line' id='line_1_27' title="bbox 171 2581 1187 2660; baseline 0.003 -20"><span class='ocrx_word' id='word_1_221' title='bbox 171 2582 299 2657; x_wconf 90' lang='lat' dir='ltr'>phorum</span> <span class='ocrx_word' id='word_1_222' title='bbox 321 2581 485 2658; x_wconf 79' lang='lat' dir='ltr'>Gregoram</span> <span class='ocrx_word' id='word_1_223' title='bbox 506 2582 539 2644; x_wconf 91' lang='lat' dir='ltr'>in</span> <span class='ocrx_word' id='word_1_224' title='bbox 561 2583 692 2642; x_wconf 87' lang='lat' dir='ltr'>editione</span> <span class='ocrx_word' id='word_1_225' title='bbox 709 2583 847 2646; x_wconf 85' lang='lat' dir='ltr'>Parisina</span> <span class='ocrx_word' id='word_1_226' title='bbox 870 2584 1047 2646; x_wconf 72' lang='grc'>1111111102</span> <span class='ocrx_word' id='word_1_227' title='bbox 1071 2585 1187 2660; x_wconf 86' lang='lat' dir='ltr'>adsper-</span> 
     </span>
     <span class='ocr_line' id='line_1_28' title="bbox 172 2664 1187 2754; baseline 0.002 -24"><span class='ocrx_word' id='word_1_228' title='bbox 172 2687 220 2730; x_wconf 89' lang='lat' dir='ltr'>sas</span> <span class='ocrx_word' id='word_1_229' title='bbox 242 2671 372 2730; x_wconf 87' lang='lat' dir='ltr'>oraculis</span> <span class='ocrx_word' id='word_1_230' title='bbox 388 2670 560 2730; x_wconf 75' lang='lat' dir='ltr'>Chaldaicis</span> <span class='ocrx_word' id='word_1_231' title='bbox 580 2664 686 2753; x_wconf 84' lang='lat' dir='ltr'>(adp.</span> <span class='ocrx_word' id='word_1_232' title='bbox 707 2665 880 2754; x_wconf 68' lang='grc'>261611.)</span> <span class='ocrx_word' id='word_1_233' title='bbox 901 2676 1029 2748; x_wconf 77' lang='lat' dir='ltr'>ornaret,</span> <span class='ocrx_word' id='word_1_234' title='bbox 1053 2676 1084 2732; x_wconf 89' lang='lat' dir='ltr'>et</span> <span class='ocrx_word' id='word_1_235' title='bbox 1103 2672 1187 2732; x_wconf 85' lang='lat' dir='ltr'>Olau-</span> 
     </span>
     <span class='ocr_line' id='line_1_29' title="bbox 166 2753 1186 2842; baseline 0.004 -26"><span class='ocrx_word' id='word_1_236' title='bbox 166 2759 239 2817; x_wconf 62' lang='lat' dir='ltr'>,dius</span> <span class='ocrx_word' id='word_1_237' title='bbox 264 2757 441 2835; x_wconf 77' lang='lat' dir='ltr'>Salmasius,</span> <span class='ocrx_word' id='word_1_238' title='bbox 469 2761 523 2836; x_wconf 90' lang='lat' dir='ltr'>qui</span> <span class='ocrx_word' id='word_1_239' title='bbox 551 2760 711 2820; x_wconf 86' lang='lat' dir='ltr'>secundum</span> <span class='ocrx_word' id='word_1_240' title='bbox 733 2761 852 2836; x_wconf 88' lang='lat' dir='ltr'>Lydum</span> <span class='ocrx_word' id='word_1_241' title='bbox 876 2753 919 2842; x_wconf 77' lang='lat' dir='ltr'>(p.</span> <span class='ocrx_word' id='word_1_242' title='bbox 941 2765 973 2836; x_wconf 81' lang='lat'>2,</span> <span class='ocrx_word' id='word_1_243' title='bbox 994 2764 1113 2836; x_wconf 88' lang='grc'>24-3,</span> <span class='ocrx_word' id='word_1_244' title='bbox 1133 2754 1186 2841; x_wconf 92' lang='grc'>12)</span> 
     </span>
     <span class='ocr_line' id='line_1_30' title="bbox 171 2847 1187 2927; baseline 0.004 -21"><span class='ocrx_word' id='word_1_245' title='bbox 171 2847 209 2906; x_wconf 89' lang='lat' dir='ltr'>de</span> <span class='ocrx_word' id='word_1_246' title='bbox 233 2847 327 2908; x_wconf 89' lang='lat' dir='ltr'>tribus</span> <span class='ocrx_word' id='word_1_247' title='bbox 350 2849 436 2924; x_wconf 82' lang='lat' dir='ltr'>Eryli</span> <span class='ocrx_word' id='word_1_248' title='bbox 461 2849 568 2926; x_wconf 77' lang='lat' dir='ltr'>animis</span> <span class='ocrx_word' id='word_1_249' title='bbox 592 2849 687 2925; x_wconf 91' lang='lat' dir='ltr'>deque</span> <span class='ocrx_word' id='word_1_250' title='bbox 710 2849 806 2909; x_wconf 81' lang='lat' dir='ltr'>tribus</span> <span class='ocrx_word' id='word_1_251' title='bbox 829 2851 950 2910; x_wconf 89' lang='lat' dir='ltr'>animae</span> <span class='ocrx_word' id='word_1_252' title='bbox 972 2851 1108 2927; x_wconf 81' lang='lat' dir='ltr'>partibus</span> <span class='ocrx_word' id='word_1_253' title='bbox 1132 2852 1187 2910; x_wconf 89' lang='lat' dir='ltr'>dis-</span> 
     </span>
     <span class='ocr_line' id='line_1_31' title="bbox 171 2937 1187 3016; baseline 0.005 -21"><span class='ocrx_word' id='word_1_254' title='bbox 171 2937 266 2996; x_wconf 86' lang='lat' dir='ltr'>seruit</span> <span class='ocrx_word' id='word_1_255' title='bbox 288 2937 319 2995; x_wconf 89' lang='lat' dir='ltr'>in</span> <span class='ocrx_word' id='word_1_256' title='bbox 342 2938 422 2997; x_wconf 85' lang='lat' dir='ltr'>notis</span> <span class='ocrx_word' id='word_1_257' title='bbox 446 2940 476 2996; x_wconf 85' lang='lat' dir='ltr'>et</span> <span class='ocrx_word' id='word_1_258' title='bbox 498 2938 803 2999; x_wconf 86' lang='lat' dir='ltr'>animadversionibus</span> <span class='ocrx_word' id='word_1_259' title='bbox 825 2940 857 3000; x_wconf 84' lang='lat' dir='ltr'>in</span> <span class='ocrx_word' id='word_1_260' title='bbox 875 2941 1046 3016; x_wconf 80' lang='lat' dir='ltr'>Epictetum</span> <span class='ocrx_word' id='word_1_261' title='bbox 1065 2944 1096 3000; x_wconf 90' lang='lat' dir='ltr'>et</span> <span class='ocrx_word' id='word_1_262' title='bbox 1115 2940 1187 3000; x_wconf 80' lang='lat' dir='ltr'>sim-</span> 
     </span>
     <span class='ocr_line' id='line_1_32' title="bbox 171 3026 1187 3105; baseline 0.002 -21"><span class='ocrx_word' id='word_1_263' title='bbox 171 3026 305 3102; x_wconf 84' lang='lat' dir='ltr'>plicium,</span> <span class='ocrx_word' id='word_1_264' title='bbox 327 3026 421 3104; x_wconf 86' lang='lat' dir='ltr'>Lugd.</span> <span class='ocrx_word' id='word_1_265' title='bbox 445 3027 513 3086; x_wconf 88' lang='lat' dir='ltr'>Bat.</span> <span class='ocrx_word' id='word_1_266' title='bbox 540 3028 634 3102; x_wconf 89' lang='grc'>1640,</span> <span class='ocrx_word' id='word_1_267' title='bbox 657 3047 685 3103; x_wconf 87' lang='lat' dir='ltr'>p.</span> <span class='ocrx_word' id='word_1_268' title='bbox 707 3030 783 3103; x_wconf 74' lang='lat'>2553</span> <span class='ocrx_word' id='word_1_269' title='bbox 810 3029 948 3105; x_wconf 85' lang='lat' dir='ltr'>idemque</span> <span class='ocrx_word' id='word_1_270' title='bbox 973 3028 1135 3090; x_wconf 83' lang='lat' dir='ltr'>Salmasius</span> <span class='ocrx_word' id='word_1_271' title='bbox 1158 3030 1187 3086; x_wconf 92' lang='lat' dir='ltr'>in</span> 
     </span>
     <span class='ocr_line' id='line_1_33' title="bbox 172 3114 1187 3194; baseline 0.003 -18"><span class='ocrx_word' id='word_1_272' title='bbox 172 3115 319 3176; x_wconf 86' lang='lat' dir='ltr'>Plinianis</span> <span class='ocrx_word' id='word_1_273' title='bbox 352 3115 614 3176; x_wconf 72' lang='lat' dir='ltr'>exercitationibus</span> <span class='ocrx_word' id='word_1_274' title='bbox 645 3116 678 3174; x_wconf 90' lang='lat' dir='ltr'>in</span> <span class='ocrx_word' id='word_1_275' title='bbox 709 3114 739 3176; x_wconf 87' lang='grc'>0.</span> <span class='ocrx_word' id='word_1_276' title='bbox 770 3117 841 3175; x_wconf 91' lang='lat' dir='ltr'>Iulii</span> <span class='ocrx_word' id='word_1_277' title='bbox 871 3116 966 3177; x_wconf 83' lang='lat' dir='ltr'>Solini</span> <span class='ocrx_word' id='word_1_278' title='bbox 997 3117 1187 3194; x_wconf 79' lang='lat' dir='ltr'>Polyhistcm</span> 
     </span>
     <span class='ocr_line' id='line_1_34' title="bbox 172 3197 1188 3286; baseline 0.001 -22"><span class='ocrx_word' id='word_1_279' title='bbox 172 3197 318 3285; x_wconf 81' lang='lat' dir='ltr'>(Traiecti</span> <span class='ocrx_word' id='word_1_280' title='bbox 341 3205 380 3264; x_wconf 87' lang='lat' dir='ltr'>ad</span> <span class='ocrx_word' id='word_1_281' title='bbox 403 3205 540 3266; x_wconf 86' lang='lat' dir='ltr'>Rhenum</span> <span class='ocrx_word' id='word_1_282' title='bbox 565 3197 665 3286; x_wconf 90' lang='grc'>1689)</span> <span class='ocrx_word' id='word_1_283' title='bbox 695 3206 895 3282; x_wconf 86' lang='lat' dir='ltr'>compluribus</span> <span class='ocrx_word' id='word_1_284' title='bbox 923 3206 995 3268; x_wconf 89' lang='lat' dir='ltr'>locis</span> <span class='ocrx_word' id='word_1_285' title='bbox 1022 3205 1188 3272; x_wconf 70' lang='lat' dir='ltr'>doctrinam</span> 
     </span>
     <span class='ocr_line' id='line_1_35' title="bbox 170 3293 488 3369; baseline 0.006 -19"><span class='ocrx_word' id='word_1_286' title='bbox 170 3294 286 3368; x_wconf 81' lang='lat' dir='ltr'>profert</span> <span class='ocrx_word' id='word_1_287' title='bbox 308 3293 488 3369; x_wconf 85' lang='lat' dir='ltr'>Lydianam:</span> 
     </span>
    </p>

    <p class='ocr_par' dir='ltr' id='par_1_5' title="bbox 238 3376 1186 3458">
     <span class='ocr_line' id='line_1_36' title="bbox 238 3376 1186 3458; baseline 0.001 -17"><span class='ocrx_word' id='word_1_288' title='bbox 238 3402 267 3458; x_wconf 88' lang='lat' dir='ltr'>p.</span> <span class='ocrx_word' id='word_1_289' title='bbox 289 3376 400 3442; x_wconf 71' lang='lat' dir='ltr'>14b0:</span> <span class='ocrx_word' id='word_1_290' title='bbox 427 3384 582 3442; x_wconf 84' lang='lat' dir='ltr'>Ioannes</span> <span class='ocrx_word' id='word_1_291' title='bbox 609 3382 729 3458; x_wconf 85' lang='lat' dir='ltr'>Lydus</span> <span class='ocrx_word' id='word_1_292' title='bbox 758 3384 798 3442; x_wconf 90' lang='lat' dir='ltr'>de</span> <span class='ocrx_word' id='word_1_293' title='bbox 827 3380 1074 3446; x_wconf 86' lang='lat' dir='ltr'>deminutione</span> <span class='ocrx_word' id='word_1_294' title='bbox 1103 3385 1186 3446; x_wconf 79' lang='lat' dir='ltr'>Feb·</span> 
     </span>
    </p>

    <p class='ocr_par' dir='ltr' id='par_1_6' title="bbox 425 3469 1187 3636">
     <span class='ocr_line' id='line_1_37' title="bbox 425 3469 1187 3555; baseline 0.001 -23"><span class='ocrx_word' id='word_1_295' title='bbox 425 3472 543 3532; x_wconf 86' lang='lat' dir='ltr'>ruarii</span> <span class='ocrx_word' id='word_1_296' title='bbox 572 3472 704 3532; x_wconf 90' lang='lat' dir='ltr'>mensis</span> <span class='ocrx_word' id='word_1_297' title='bbox 732 3469 784 3532; x_wconf 87' lang='grc' dir='ltr'><strong><em>τὸν</em></strong></span> <span class='ocrx_word' id='word_1_298' title='bbox 813 3472 1018 3555; x_wconf 76' lang='grc' dir='ltr'><strong><em>Φεβρουάριον</em></strong></span> <span class='ocrx_word' id='word_1_299' title='bbox 1043 3506 1085 3520; x_wconf 81' lang='lat'><strong><em>-</em></strong></span> <span class='ocrx_word' id='word_1_300' title='bbox 1108 3481 1187 3552; x_wconf 82' lang='grc' dir='ltr'><strong><em>τιμά·</em></strong></span> 
     </span>
     <span class='ocr_line' id='line_1_38' title="bbox 427 3560 806 3636; baseline -0.005 -15"><span class='ocrx_word' id='word_1_301' title='bbox 427 3567 500 3622; x_wconf 90' lang='grc' dir='ltr'><strong><em>σθαι</em></strong></span> <span class='ocrx_word' id='word_1_302' title='bbox 523 3560 567 3620; x_wconf 89' lang='lat' dir='ltr'>cd.</span> <span class='ocrx_word' id='word_1_303' title='bbox 591 3581 619 3636; x_wconf 90' lang='lat' dir='ltr'>p.</span> <span class='ocrx_word' id='word_1_304' title='bbox 639 3562 691 3636; x_wconf 90' lang='grc'>48,</span> <span class='ocrx_word' id='word_1_305' title='bbox 712 3563 806 3621; x_wconf 76' lang='grc'>6-9.</span> 
     </span>
    </p>
   </div>
   <div class='ocr_carea' id='block_1_3' title="bbox 0 0 1266 3984">
    <p class='ocr_par' dir='ltr' id='par_1_7' title="bbox 0 0 1266 3984">
     <span class='ocr_line' id='line_1_39' title="bbox 0 0 1266 3984; baseline 0 1"><span class='ocrx_word' id='word_1_306' title='bbox 0 0 1266 3984; x_wconf 95' lang='lat' dir='ltr'> </span> 
     </span>
    </p>
   </div>
  </div>
 </body>
</html>
