2556 3996
117 178 138 242 6
495 177 604 232 LIBER
621 177 758 232 PRIMUS

9 350 152 408 Poedren.
167 341 205 407 τὸ
228 342 385 426 σύνθημα
404 340 468 406 άπὸ
487 350 548 407 τοῦ
571 339 648 428 περὶ
671 341 708 407 τὸ
734 349 869 427 πράημα
890 343 1146 425 συμβαίνοντος

116 457 309 531 τηνικαῦτα·
337 448 507 532 εἰάθησαν
534 449 598 534 γάρ
627 449 660 513 οἱ
687 447 808 513 ὕπατοι
832 445 1031 531 εὐωχεῖσθαι
1053 449 1144 533 πρό-

116 577 214 641 τερον
244 554 281 620 ἐν
310 563 356 642 τῷ
383 556 515 644 θεάτρῳ
543 553 599 620 καὶ
627 556 709 639 μετά
738 556 800 639 τὴν
830 553 972 639 εὐωχίαν
999 555 1040 618 τά
1067 564 1144 619 τῶν

116 672 238 748 χειρῶν
257 660 413 746 ἐκμαγεῖα
426 661 567 745 ῥιπτεῖν,
586 662 668 748 άπερ
682 671 722 748 τῇ
738 661 886 747 ῥωμαικῇ
902 669 998 747 φωνῇ
1018 661 1143 744 μάππα

89 766 285 852 ελέγονται,
318 767 351 846 ἐξ
381 763 422 833 οὗ
445 767 500 833 καί
524 769 703 852 μανδύλια·
726 766 781 833 καὶ
809 777 912 832 ταῦτα
947 766 1143 852 ἀναλαμβα-

115 876 255 958 νίμενος
292 874 309 940 ὁ
347 876 524 957 λεγόμενος
564 875 753 961 μαππάριος
787 874 892 950 εὐθύς
926 874 986 939 τὸν
1020 873 1140 957 ἀγῶνα

8 980 343 1046 ΥΡΟεάιοοέπετέλει.
371 979 528 1058 ούπλέον
547 977 584 1045 δέ
598 972 666 1047 τῶν
685 979 765 1047 ἑπτά
783 981 926 1064 κύκλων,
941 979 1000 1056 οὓς
1015 981 1143 1046 σπάτια

117 1084 221 1152 οἱονεί
235 1089 353 1153 στάδια
367 1085 422 1153 καί
441 1092 559 1172 μίσους
578 1086 653 1153 ἀντὶ
671 1097 732 1154 τοῦ
751 1089 889 1170 άθλους,
908 1085 985 1172 περὶ
999 1088 1061 1171 τὴν
1072 1108 1143 1152 πυ-

116 1195 250 1279 ραμίδα,
268 1195 312 1278 ἣν
324 1204 389 1260 νῦν
403 1194 524 1279 ὀβελὸν
538 1201 689 1278 καλοῦσι,
713 1196 979 1279 διεπληκτιζοντο
998 1195 1031 1260 οἱ
1050 1193 1144 1277 ἀγω-

76 1317 102 1355 10
116 1297 227 1364 νισταλ
250 1302 307 1366 διά
329 1302 366 1366 τὸ
391 1299 472 1367 ἑπτά
494 1303 612 1367 στάδια
636 1297 724 1367 εἶναι
747 1304 785 1366 τὸ
807 1305 921 1386 μίλιον
943 1299 999 1367 καὶ
1022 1302 1142 1366 διὰτὸ

75 1407 102 1460 Y
116 1407 297 1484 τοσούτους
320 1403 406 1473 εἶναι
429 1411 508 1486 τοὺς
530 1420 598 1474 τῶν
616 1411 794 1492 πλανήτων
811 1410 946 1492 πόλους,
971 1408 1030 1484 οὓς
1049 1411 1144 1474 Χαλ-

116 1513 207 1578 δαῑοι
225 1515 432 1601 στερεώματα
445 1521 617 1599 καλοῦσιν,
632 1517 713 1580 άνευ
726 1524 788 1580 τοῦ
804 1520 1013 1600 σεληνιακοῦ,
1028 1515 1083 1579 διά
1097 1516 1142 1580 τὸ

115 1619 229 1708 μέχρις
252 1621 356 1686 αὐτοῦ
379 1622 508 1704 διήκειν
535 1622 572 1686 τὸ
596 1629 657 1686 τοῦ
678 1622 803 1698 παντὸς
824 1621 944 1687 ὑλικοῡ
968 1622 1144 1704 σκύβαλον

79 1737 106 1790 Y
119 1729 202 1793 κατά
214 1729 251 1793 τὸ
262 1731 386 1811 λόγιον.
405 1727 560 1814 τέσσαρσι
570 1724 671 1793 δὲκαὶ
686 1734 789 1794 εἴκοσι
803 1731 972 1815 βραβείοις
986 1729 1046 1793 τὸν
1054 1728 1142 1792 πάν-

75 1855 101 1895 15
115 1859 156 1899 τα
175 1834 376 1901 συνετέλουν
394 1834 507 1918 άγῶνα
526 1836 582 1900 διὰ
600 1836 660 1899 τὸν
679 1834 716 1899 έν
733 1836 896 1922 πυραμίδι
919 1837 1035 1918 λόγον·
1059 1836 1142 1901 δυο-

16 2007 18 2014 ,
115 1943 252 2007 καίδεκα
265 1944 328 2028 γάρ
348 1945 471 2024 γωνίας
484 1940 505 2024 ἡ
518 1939 665 2028 πυραμὶς
684 1940 878 2026 ἐπιδέχεται,
897 1941 1047 2007 τουτέστι
1066 1958 1140 2006 στε-

117 2051 194 2136 ρεάς
212 2048 382 2135 τέσσαρας,
406 2043 454 2113 ὧν
473 2046 591 2132 ἑκάστη
610 2048 646 2113 έκ
664 2059 780 2135 τριῶν·
804 2047 857 2125 δὶς
875 2045 913 2114 δὲ
930 2049 991 2114 τὸν
1007 2049 1140 2114 δώδεκα

116 2154 265 2240 ἀριθμὸν
279 2157 327 2232 είς
341 2156 403 2221 δύο
417 2153 592 2239 τέμνοντες
605 2156 666 2220 τὸν
678 2163 736 2238 τῆς
749 2154 872 2241 ἡμέρας
885 2156 1004 2241 καιρὸν
1018 2157 1067 2219 ἔτι
1080 2153 1139 2219 καὶ

116 2272 181 2327 νῦν
199 2268 341 2329 τελοῦσι.
375 2260 431 2327 καὶ
450 2263 557 2338 άλλως
576 2261 616 2327 δέ
631 2283 700 2339 πως
713 2261 734 2345 ἡ
747 2261 893 2348 πυραμὶς
908 2262 1053 2348 ἁρμοδία
1067 2260 1140 2326 ἐστὶ

77 2389 103 2428 20
117 2380 187 2445 τοῖς
220 2367 491 2454 ἀγωνιζομένοις,
528 2367 703 2454 Νεμέσεως
740 2370 804 2455 γάρ
842 2364 928 2434 εἶναι
960 2372 1138 2453 νομίζεται.

81 2477 203 2540 Ρκατδι
225 2485 311 2559 γοῦν
333 2478 472 2560 μίμησιν
499 2483 557 2560 τῆς
579 2479 706 2562 Κίρκης
732 2473 788 2540 καί
807 2474 971 2559 Ῥωμύλος
992 2475 1140 2562 ὕστερον

116 2586 231 2658 κτίσας
253 2581 315 2666 τὴν
332 2580 459 2667 Ῥώμην
480 2580 560 2667 μηνὶ
579 2580 758 2670 Ἀπριλλίῳ
782 2583 912 2668 εἰκοστῇ
936 2584 1140 2648 κατασκευά-

118 2692 164 2768 ζει
186 2686 243 2753 καλ
268 2690 492 2774 ἱπποδρόμιον
515 2687 552 2754 ἐν
575 2688 658 2775 αὐτη
681 2697 837 2754 τοιοῦτον
854 2687 909 2753 καὶ
927 2690 1010 2754 κατά
1027 2690 1139 2754 πάντα

118 2795 244 2881 ὅμοιον.
292 2793 424 2878 ἐποίησε
448 2791 485 2860 δὲ
508 2796 546 2859 τὸ
569 2807 702 2881 πρῶτον
727 2795 856 2880 άρματα
878 2797 967 2876 τρία·
996 2795 1139 2881 ῥούσιον

77 2901 226 2988 ιε”Αρεος
253 2904 327 2986 ἤτοι
348 2905 465 2988 πυρός,
489 2902 610 2968 λευκὸν
633 2902 717 2977 Διὸς
740 2902 814 2984 ἤτοι
839 2899 946 2987 ἀέρος,
968 2903 1138 2987 πράσινον

188 3150 213 3187 v.
238 3138 253 3185 2
282 3131 421 3185 εἰώθεσαν
448 3130 476 3182 Ρ
582 3134 598 3183 5
621 3128 650 3194 ἐξ
678 3124 711 3183 ού
739 3130 788 3184 καλ
816 3129 955 3198 μανδύλια
983 3129 1087 3184 desunt
1111 3131 1141 3184 P

119 3201 280 3258 λέπετέλει.
318 3199 433 3263 ἑπτάκις
461 3197 491 3254 δὲ
517 3199 652 3256 έκύκλουν
677 3200 727 3255 τὸν
755 3199 892 3268 εύριππον
917 3200 945 3255 ολ
969 3199 1138 3270 ἀγωνιζόμε-

117 3295 163 3329 νοι
182 3276 210 3328 Ρ
233 3278 236 3345 Ι
262 3274 370 3328 κύκλων
388 3271 450 3339 ἥτοι
468 3270 589 3326 σταδίων
606 3272 671 3340 περὶ
693 3271 745 3341 τὴν
768 3272 797 3325 Y
867 3277 900 3326 10
919 3270 968 3325 διὰ
986 3273 1052 3334 τοὺς
1066 3271 1137 3326 ἑπτὰ

117 3344 260 3412 πλανήτας
274 3347 302 3399 Ρ
323 3346 326 3415 λ
350 3342 420 3398 ἑπτὰ
434 3341 534 3397 στάδια
549 3342 647 3397 -διά
665 3342 696 3396 τὸ
715 3342 794 3397 omis.
809 3342 838 3395 Y
849 3341 963 3397 Cedren.
1034 3350 1066 3396 11
1087 3343 1138 3407 οὓς

117 3418 309 3472 Χαλδαῖοι-
329 3421 363 3469 20
387 3411 527 3484 νομίζεται
555 3414 657 3468 desunt
680 3415 708 3467 P
792 3419 825 3467 13
850 3415 937 3484 αὐτῆς
963 3413 1079 3469 Cedren.
1105 3415 1137 3470 τὸ

118 3495 167 3556 τῆς
181 3485 247 3557 ύλης
262 3487 385 3554 Οεδεοω,
400 3488 465 3556 post
479 3485 617 3557 σκύβαλον
631 3485 733 3539 desunt
741 3484 852 3554 reliqua
859 3501 948 3554 usque
959 3486 1003 3540 ad.
1013 3504 1039 3555 p.
1052 3491 1094 3555 851
1111 3487 1142 3540 Y

120 3565 153 3613 22
174 3557 307 3627 άπριλλίω
325 3565 342 3612 κ
362 3561 389 3612 Ρ
