<?xml version="1.0" encoding="UTF-8"?>
<!DOCTYPE html PUBLIC "-//W3C//DTD XHTML 1.0 Transitional//EN"
    "http://www.w3.org/TR/xhtml1/DTD/xhtml1-transitional.dtd">
<html xmlns="http://www.w3.org/1999/xhtml" xml:lang="en" lang="en">
 <head>
  <title>
</title>
<meta http-equiv="Content-Type" content="text/html;charset=utf-8" />
  <meta name='ocr-system' content='tesseract 3.04.00' />
  <meta name='ocr-capabilities' content='ocr_page ocr_carea ocr_par ocr_line ocrx_word'/>
</head>
<body>
  <div class='ocr_page' id='page_1' title='image "./ioannislaurenti01wuengoog_0073.png"; bbox 0 0 2524 3984; ppageno 0'>
   <div class='ocr_carea' id='block_1_1' title="bbox 184 193 798 252">
    <p class='ocr_par' dir='ltr' id='par_1_1' title="bbox 184 193 798 252">
     <span class='ocr_line' id='line_1_1' title="bbox 184 193 798 252; baseline -0.002 -2"><span class='ocrx_word' id='word_1_1' title='bbox 184 197 273 252; x_wconf 85' lang='lat' dir='ltr'>LXVI</span> <span class='ocrx_word' id='word_1_2' title='bbox 591 193 798 250; x_wconf 78' lang='lat' dir='ltr'>PRAEFATIO</span> 
     </span>
    </p>
   </div>
   <div class='ocr_carea' id='block_1_2' title="bbox 187 363 1194 619">
    <p class='ocr_par' dir='ltr' id='par_1_2' title="bbox 187 363 1194 619">
     <span class='ocr_line' id='line_1_2' title="bbox 189 363 1194 442; baseline -0.005 -18"><span class='ocrx_word' id='word_1_3' title='bbox 189 364 335 442; x_wconf 73' lang='lat' dir='ltr'>gravioris</span> <span class='ocrx_word' id='word_1_4' title='bbox 359 366 459 422; x_wconf 77' lang='lat' dir='ltr'>autem</span> <span class='ocrx_word' id='word_1_5' title='bbox 481 363 625 422; x_wconf 82' lang='lat' dir='ltr'>momenti</span> <span class='ocrx_word' id='word_1_6' title='bbox 647 364 670 422; x_wconf 89' lang='lat' dir='ltr'>ii</span> <span class='ocrx_word' id='word_1_7' title='bbox 694 368 764 423; x_wconf 84' lang='lat' dir='ltr'>sunt</span> <span class='ocrx_word' id='word_1_8' title='bbox 788 364 859 438; x_wconf 79' lang='lat' dir='ltr'>loci,</span> <span class='ocrx_word' id='word_1_9' title='bbox 889 363 996 439; x_wconf 88' lang='lat' dir='ltr'>quibus</span> <span class='ocrx_word' id='word_1_10' title='bbox 1020 363 1112 423; x_wconf 75' lang='lat' dir='ltr'>coditi</span> <span class='ocrx_word' id='word_1_11' title='bbox 1133 363 1158 420; x_wconf 90' lang='lat' dir='ltr'>A</span> <span class='ocrx_word' id='word_1_12' title='bbox 1178 381 1194 419; x_wconf 80' lang='grc' dir='ltr'><strong><em>ι</em></strong></span> 
     </span>
     <span class='ocr_line' id='line_1_3' title="bbox 189 452 1194 528; baseline -0.004 -16"><span class='ocrx_word' id='word_1_13' title='bbox 189 455 353 512; x_wconf 81' lang='lat' dir='ltr'>correctore</span> <span class='ocrx_word' id='word_1_14' title='bbox 371 452 539 511; x_wconf 78' lang='lat' dir='ltr'><strong>intruditur</strong></span> <span class='ocrx_word' id='word_1_15' title='bbox 558 453 660 528; x_wconf 81' lang='lat' dir='ltr'>aliqua</span> <span class='ocrx_word' id='word_1_16' title='bbox 679 453 850 512; x_wconf 78' lang='lat' dir='ltr'>eonieetura</span> <span class='ocrx_word' id='word_1_17' title='bbox 869 471 971 512; x_wconf 77' lang='lat' dir='ltr'>avero</span> <span class='ocrx_word' id='word_1_18' title='bbox 986 453 1096 527; x_wconf 72' lang='lat' dir='ltr'>aliene,</span> <span class='ocrx_word' id='word_1_19' title='bbox 1115 469 1194 527; x_wconf 77' lang='lat' dir='ltr'><strong>quam</strong></span> 
     </span>
     <span class='ocr_line' id='line_1_4' title="bbox 187 541 959 619; baseline 0 -19"><span class='ocrx_word' id='word_1_20' title='bbox 187 542 268 601; x_wconf 84' lang='lat' dir='ltr'>intra</span> <span class='ocrx_word' id='word_1_21' title='bbox 291 559 410 602; x_wconf 80' lang='lat' dir='ltr'>versum</span> <span class='ocrx_word' id='word_1_22' title='bbox 432 541 545 616; x_wconf 76' lang='lat' dir='ltr'>recepit</span> <span class='ocrx_word' id='word_1_23' title='bbox 567 541 601 599; x_wconf 93' lang='lat' dir='ltr'>B.</span> <span class='ocrx_word' id='word_1_24' title='bbox 649 542 710 600; x_wconf 86' lang='lat' dir='ltr'>eius</span> <span class='ocrx_word' id='word_1_25' title='bbox 735 542 851 619; x_wconf 84' lang='lat' dir='ltr'>generis</span> <span class='ocrx_word' id='word_1_26' title='bbox 876 545 959 601; x_wconf 86' lang='lat' dir='ltr'>sunt:</span> 
     </span>
    </p>
   </div>
   <div class='ocr_carea' id='block_1_3' title="bbox 336 682 1022 764">
    <p class='ocr_par' dir='ltr' id='par_1_3' title="bbox 336 682 1022 764">
     <span class='ocr_line' id='line_1_5' title="bbox 336 682 1022 764; baseline 0 -22"><span class='ocrx_word' id='word_1_27' title='bbox 336 683 365 742; x_wconf 90' lang='lat' dir='ltr'>A</span> <span class='ocrx_word' id='word_1_28' title='bbox 386 682 476 742; x_wconf 80' lang='lat' dir='ltr'>lectio</span> <span class='ocrx_word' id='word_1_29' title='bbox 499 683 630 759; x_wconf 75' lang='lat' dir='ltr'>genuina</span> <span class='ocrx_word' id='word_1_30' title='bbox 947 683 1022 764; x_wconf 64' lang='lat' dir='ltr'>A2B</span> 
     </span>
    </p>
   </div>
   <div class='ocr_carea' id='block_1_4' title="bbox 238 806 1244 1510">
    <p class='ocr_par' dir='ltr' id='par_1_4' title="bbox 238 806 1002 886">
     <span class='ocr_line' id='line_1_6' title="bbox 238 806 1002 886; baseline -0.001 -19"><span class='ocrx_word' id='word_1_31' title='bbox 238 829 266 884; x_wconf 92' lang='lat' dir='ltr'>p.</span> <span class='ocrx_word' id='word_1_32' title='bbox 287 810 339 881; x_wconf 85' lang='grc'>42,</span> <span class='ocrx_word' id='word_1_33' title='bbox 360 810 401 868; x_wconf 88' lang='grc'>10</span> <span class='ocrx_word' id='word_1_34' title='bbox 425 806 604 886; x_wconf 80' lang='grc' dir='ltr'><strong><em>σημαντίβαι</em></strong></span> <span class='ocrx_word' id='word_1_35' title='bbox 832 806 1002 884; x_wconf 85' lang='grc' dir='ltr'>σεμαντλναι</span> 
     </span>
    </p>

    <p class='ocr_par' dir='ltr' id='par_1_5' title="bbox 289 895 915 976">
     <span class='ocr_line' id='line_1_7' title="bbox 289 895 915 976; baseline 0.002 -22"><span class='ocrx_word' id='word_1_36' title='bbox 289 898 378 971; x_wconf 85' lang='grc'><strong>65,7</strong></span> <span class='ocrx_word' id='word_1_37' title='bbox 425 895 530 975; x_wconf 78' lang='grc' dir='ltr'><em>μάβιος</em></span> <span class='ocrx_word' id='word_1_38' title='bbox 831 896 915 976; x_wconf 82' lang='grc' dir='ltr'><em>γάϊος</em></span> 
     </span>
    </p>

    <p class='ocr_par' dir='ltr' id='par_1_6' title="bbox 289 976 950 1067">
     <span class='ocr_line' id='line_1_8' title="bbox 289 976 950 1067; baseline 0.002 -25"><span class='ocrx_word' id='word_1_39' title='bbox 289 985 401 1060; x_wconf 88' lang='grc'><strong>82,12</strong></span> <span class='ocrx_word' id='word_1_40' title='bbox 426 983 455 1043; x_wconf 85' lang='grc' dir='ltr'>τί</span> <span class='ocrx_word' id='word_1_41' title='bbox 476 1005 526 1062; x_wconf 85' lang='grc' dir='ltr'>μοι</span> <span class='ocrx_word' id='word_1_42' title='bbox 549 976 607 1064; x_wconf 78' lang='lat' dir='ltr'><strong>(sic</strong></span> <span class='ocrx_word' id='word_1_43' title='bbox 631 988 661 1043; x_wconf 83' lang='lat' dir='ltr'>et</span> <span class='ocrx_word' id='word_1_44' title='bbox 682 977 777 1067; x_wconf 86' lang='lat' dir='ltr'>LXX)</span> <span class='ocrx_word' id='word_1_45' title='bbox 833 983 877 1044; x_wconf 86' lang='grc' dir='ltr'>ότι</span> <span class='ocrx_word' id='word_1_46' title='bbox 900 1005 950 1062; x_wconf 89' lang='grc' dir='ltr'>μοι</span> 
     </span>
    </p>

    <p class='ocr_par' dir='ltr' id='par_1_7' title="bbox 268 1071 925 1150">
     <span class='ocr_line' id='line_1_9' title="bbox 268 1071 925 1150; baseline 0.002 -19"><span class='ocrx_word' id='word_1_47' title='bbox 268 1075 378 1147; x_wconf 87' lang='grc'>108,6</span> <span class='ocrx_word' id='word_1_48' title='bbox 426 1071 501 1150; x_wconf 75' lang='grc' dir='ltr'><strong><em>αὐτῇ</em></strong></span> <span class='ocrx_word' id='word_1_49' title='bbox 832 1071 925 1150; x_wconf 75' lang='grc' dir='ltr'><strong><em>αὐτῆς</em></strong></span> 
     </span>
    </p>

    <p class='ocr_par' dir='ltr' id='par_1_8' title="bbox 268 1160 936 1242">
     <span class='ocr_line' id='line_1_10' title="bbox 268 1160 936 1242; baseline -0.001 -21"><span class='ocrx_word' id='word_1_50' title='bbox 268 1163 401 1236; x_wconf 86' lang='grc'>120,17</span> <span class='ocrx_word' id='word_1_51' title='bbox 425 1160 510 1236; x_wconf 88' lang='grc' dir='ltr'><strong><em>κριὸν</em></strong></span> <span class='ocrx_word' id='word_1_52' title='bbox 832 1161 936 1242; x_wconf 86' lang='grc' dir='ltr'><strong><em>καιρὸν</em></strong></span> 
     </span>
    </p>

    <p class='ocr_par' dir='ltr' id='par_1_9' title="bbox 267 1242 1244 1510">
     <span class='ocr_line' id='line_1_11' title="bbox 267 1242 1244 1331; baseline 0.001 -23"><span class='ocrx_word' id='word_1_53' title='bbox 267 1252 399 1324; x_wconf 88' lang='grc'>124,11</span> <span class='ocrx_word' id='word_1_54' title='bbox 426 1249 507 1328; x_wconf 83' lang='grc' dir='ltr'><em>μλλια</em></span> <span class='ocrx_word' id='word_1_55' title='bbox 530 1242 588 1331; x_wconf 74' lang='lat' dir='ltr'>(sio</span> <span class='ocrx_word' id='word_1_56' title='bbox 611 1253 642 1309; x_wconf 87' lang='lat' dir='ltr'>et</span> <span class='ocrx_word' id='word_1_57' title='bbox 665 1242 701 1331; x_wconf 81' lang='lat' dir='ltr'>S)</span> <span class='ocrx_word' id='word_1_58' title='bbox 833 1250 963 1330; x_wconf 89' lang='grc' dir='ltr'>μιλιάρια</span> <span class='ocrx_word' id='word_1_59' title='bbox 1243 1319 1244 1328; x_wconf 20' lang='grc' dir='ltr'><strong><em>ρ</em></strong></span> 
     </span>
     <span class='ocr_line' id='line_1_12' title="bbox 268 1337 1132 1419; baseline 0 -21"><span class='ocrx_word' id='word_1_60' title='bbox 268 1341 379 1413; x_wconf 85' lang='grc'><strong>129,5</strong></span> <span class='ocrx_word' id='word_1_61' title='bbox 426 1339 694 1419; x_wconf 78' lang='grc' dir='ltr'><em>παραλαμβάνομεν</em></span> <span class='ocrx_word' id='word_1_62' title='bbox 832 1339 922 1398; x_wconf 83' lang='grc' dir='ltr'><em>πάλαι</em></span> <span class='ocrx_word' id='word_1_63' title='bbox 945 1337 1132 1418; x_wconf 79' lang='grc' dir='ltr'><em>λαμβάνομεν</em></span> 
     </span>
     <span class='ocr_line' id='line_1_13' title="bbox 268 1420 1076 1510; baseline 0 -24"><span class='ocrx_word' id='word_1_64' title='bbox 268 1430 379 1503; x_wconf 88' lang='grc'><strong>158,3</strong></span> <span class='ocrx_word' id='word_1_65' title='bbox 427 1427 601 1508; x_wconf 82' lang='grc' dir='ltr'><strong><em>διασφαγῶν</em></strong></span> <span class='ocrx_word' id='word_1_66' title='bbox 622 1420 679 1508; x_wconf 81' lang='lat' dir='ltr'>(sie</span> <span class='ocrx_word' id='word_1_67' title='bbox 698 1432 728 1488; x_wconf 88' lang='lat' dir='ltr'>et</span> <span class='ocrx_word' id='word_1_68' title='bbox 744 1420 779 1510; x_wconf 84' lang='lat' dir='ltr'>S)</span> <span class='ocrx_word' id='word_1_69' title='bbox 834 1425 883 1487; x_wconf 89' lang='grc' dir='ltr'><strong><em>διδι</em></strong></span> <span class='ocrx_word' id='word_1_70' title='bbox 907 1427 1076 1508; x_wconf 82' lang='grc' dir='ltr'><em>φαράγγων.</em></span> 
     </span>
    </p>
   </div>
   <div class='ocr_carea' id='block_1_5' title="bbox 187 1560 1244 1818">
    <p class='ocr_par' dir='ltr' id='par_1_10' title="bbox 187 1560 1244 1818">
     <span class='ocr_line' id='line_1_14' title="bbox 187 1560 1244 1638; baseline -0.004 -19"><span class='ocrx_word' id='word_1_71' title='bbox 187 1562 245 1620; x_wconf 82' lang='lat' dir='ltr'>hue</span> <span class='ocrx_word' id='word_1_72' title='bbox 267 1562 291 1619; x_wconf 87' lang='lat' dir='ltr'>ii</span> <span class='ocrx_word' id='word_1_73' title='bbox 315 1580 437 1637; x_wconf 82' lang='lat' dir='ltr'>quoque</span> <span class='ocrx_word' id='word_1_74' title='bbox 462 1561 610 1637; x_wconf 74' lang='lat' dir='ltr'><strong>quadrant</strong></span> <span class='ocrx_word' id='word_1_75' title='bbox 628 1561 695 1636; x_wconf 66' lang='lat' dir='ltr'><strong>loci,</strong></span> <span class='ocrx_word' id='word_1_76' title='bbox 720 1561 826 1638; x_wconf 86' lang='lat' dir='ltr'>quibus</span> <span class='ocrx_word' id='word_1_77' title='bbox 845 1561 1014 1637; x_wconf 77' lang='lat' dir='ltr'>corruptela</span> <span class='ocrx_word' id='word_1_78' title='bbox 1032 1561 1140 1620; x_wconf 83' lang='lat' dir='ltr'>leviore</span> <span class='ocrx_word' id='word_1_79' title='bbox 1157 1560 1193 1616; x_wconf 81' lang='lat' dir='ltr'>la·</span> <span class='ocrx_word' id='word_1_80' title='bbox 1243 1579 1244 1592; x_wconf 57' lang='lat'>¹</span> 
     </span>
     <span class='ocr_line' id='line_1_15' title="bbox 187 1649 1193 1730; baseline -0.003 -22"><span class='ocrx_word' id='word_1_81' title='bbox 187 1650 276 1710; x_wconf 80' lang='lat' dir='ltr'>borat</span> <span class='ocrx_word' id='word_1_82' title='bbox 292 1651 329 1722; x_wconf 92' lang='lat' dir='ltr'>A,</span> <span class='ocrx_word' id='word_1_83' title='bbox 354 1669 444 1726; x_wconf 80' lang='lat' dir='ltr'>quam</span> <span class='ocrx_word' id='word_1_84' title='bbox 467 1649 638 1710; x_wconf 76' lang='lat' dir='ltr'>coniciendo</span> <span class='ocrx_word' id='word_1_85' title='bbox 661 1651 767 1710; x_wconf 85' lang='lat' dir='ltr'>tollere</span> <span class='ocrx_word' id='word_1_86' title='bbox 787 1655 913 1710; x_wconf 80' lang='lat' dir='ltr'>conatur</span> <span class='ocrx_word' id='word_1_87' title='bbox 930 1651 981 1730; x_wconf 75' lang='grc' dir='ltr'>Α,,</span> <span class='ocrx_word' id='word_1_88' title='bbox 999 1649 1025 1708; x_wconf 91' lang='grc' dir='ltr'>Β</span> <span class='ocrx_word' id='word_1_89' title='bbox 1048 1670 1117 1711; x_wconf 83' lang='lat' dir='ltr'>vero</span> <span class='ocrx_word' id='word_1_90' title='bbox 1135 1668 1193 1708; x_wconf 81' lang='lat' dir='ltr'>eon-</span> 
     </span>
     <span class='ocr_line' id='line_1_16' title="bbox 188 1738 1193 1818; baseline -0.005 -21"><span class='ocrx_word' id='word_1_91' title='bbox 188 1740 334 1799; x_wconf 81' lang='lat' dir='ltr'>iecturam</span> <span class='ocrx_word' id='word_1_92' title='bbox 357 1738 394 1798; x_wconf 78' lang='lat' dir='ltr'>ab</span> <span class='ocrx_word' id='word_1_93' title='bbox 418 1739 459 1818; x_wconf 65' lang='lat' dir='ltr'>A2</span> <span class='ocrx_word' id='word_1_94' title='bbox 481 1738 593 1798; x_wconf 82' lang='lat' dir='ltr'>factam</span> <span class='ocrx_word' id='word_1_95' title='bbox 615 1739 722 1815; x_wconf 78' lang='lat' dir='ltr'><strong>recipit</strong></span> <span class='ocrx_word' id='word_1_96' title='bbox 745 1740 794 1800; x_wconf 87' lang='lat' dir='ltr'>vel</span> <span class='ocrx_word' id='word_1_97' title='bbox 817 1739 890 1800; x_wconf 81' lang='lat' dir='ltr'>adeo</span> <span class='ocrx_word' id='word_1_98' title='bbox 914 1740 1023 1798; x_wconf 87' lang='lat' dir='ltr'>iterum</span> <span class='ocrx_word' id='word_1_99' title='bbox 1047 1740 1193 1799; x_wconf 77' lang='lat' dir='ltr'>deformat:</span> 
     </span>
    </p>
   </div>
   <div class='ocr_carea' id='block_1_6' title="bbox 238 1881 1072 1962">
    <p class='ocr_par' dir='ltr' id='par_1_11' title="bbox 238 1881 1072 1962">
     <span class='ocr_line' id='line_1_17' title="bbox 238 1881 1072 1962; baseline 0.001 -23"><span class='ocrx_word' id='word_1_100' title='bbox 238 1881 327 1940; x_wconf 84' lang='lat' dir='ltr'>lectio</span> <span class='ocrx_word' id='word_1_101' title='bbox 351 1881 482 1958; x_wconf 73' lang='lat' dir='ltr'>genuine,</span> <span class='ocrx_word' id='word_1_102' title='bbox 682 1882 710 1939; x_wconf 92' lang='lat' dir='ltr'>A</span> <span class='ocrx_word' id='word_1_103' title='bbox 995 1881 1072 1962; x_wconf 55' lang='lat' dir='ltr'>A2B</span> 
     </span>
    </p>
   </div>
   <div class='ocr_carea' id='block_1_7' title="bbox 187 2002 1242 3509">
    <p class='ocr_par' dir='ltr' id='par_1_12' title="bbox 187 2002 969 2085">
     <span class='ocr_line' id='line_1_18' title="bbox 187 2002 969 2085; baseline 0.004 -22"><span class='ocrx_word' id='word_1_104' title='bbox 187 2027 216 2082; x_wconf 91' lang='lat' dir='ltr'>p.</span> <span class='ocrx_word' id='word_1_105' title='bbox 232 2007 313 2080; x_wconf 86' lang='grc'><strong>42,2</strong></span> <span class='ocrx_word' id='word_1_106' title='bbox 339 2003 432 2085; x_wconf 80' lang='grc' dir='ltr'><strong><em>δδροο</em></strong></span> <span class='ocrx_word' id='word_1_107' title='bbox 589 2005 682 2085; x_wconf 89' lang='grc' dir='ltr'><strong><em>κδρον</em></strong></span> <span class='ocrx_word' id='word_1_108' title='bbox 860 2002 969 2084; x_wconf 82' lang='grc' dir='ltr'>ἀνδρὸς</span> 
     </span>
    </p>

    <p class='ocr_par' dir='ltr' id='par_1_13' title="bbox 232 2093 968 2175">
     <span class='ocr_line' id='line_1_19' title="bbox 232 2093 968 2175; baseline 0.001 -22"><span class='ocrx_word' id='word_1_109' title='bbox 232 2096 338 2168; x_wconf 84' lang='lat'>43,10</span> <span class='ocrx_word' id='word_1_110' title='bbox 361 2093 455 2174; x_wconf 86' lang='grc' dir='ltr'><strong><em>κρίσις</em></strong></span> <span class='ocrx_word' id='word_1_111' title='bbox 589 2093 694 2175; x_wconf 67' lang='grc' dir='ltr'><strong><em>κρίσιος</em></strong></span> <span class='ocrx_word' id='word_1_112' title='bbox 858 2093 968 2175; x_wconf 82' lang='grc' dir='ltr'><strong><em>κρίσεις</em></strong></span> 
     </span>
    </p>

    <p class='ocr_par' dir='ltr' id='par_1_14' title="bbox 231 2173 1193 2352">
     <span class='ocr_line' id='line_1_20' title="bbox 231 2173 1193 2264; baseline 0 -22"><span class='ocrx_word' id='word_1_113' title='bbox 231 2185 336 2259; x_wconf 85' lang='grc'>44,11</span> <span class='ocrx_word' id='word_1_114' title='bbox 361 2181 462 2263; x_wconf 79' lang='grc' dir='ltr'><strong><em>τρισσὰ</em></strong></span> <span class='ocrx_word' id='word_1_115' title='bbox 484 2179 536 2260; x_wconf 72' lang='lat' dir='ltr'>‹pt-</span> <span class='ocrx_word' id='word_1_116' title='bbox 590 2181 691 2264; x_wconf 79' lang='grc' dir='ltr'><strong><em>τρισσὰ</em></strong></span> <span class='ocrx_word' id='word_1_117' title='bbox 735 2183 805 2260; x_wconf 85' lang='grc' dir='ltr'><strong><em>φαί-</em></strong></span> <span class='ocrx_word' id='word_1_118' title='bbox 857 2181 924 2264; x_wconf 79' lang='grc' dir='ltr'>τρὶς</span> <span class='ocrx_word' id='word_1_119' title='bbox 954 2179 1122 2262; x_wconf 82' lang='grc' dir='ltr'>ἀφαιροῦσα</span> <span class='ocrx_word' id='word_1_120' title='bbox 1147 2173 1193 2262; x_wconf 69' lang='grc' dir='ltr'>(Α,</span> 
     </span>
     <span class='ocr_line' id='line_1_21' title="bbox 254 2263 1021 2352; baseline -0.003 -20"><span class='ocrx_word' id='word_1_121' title='bbox 254 2289 348 2352; x_wconf 87' lang='grc' dir='ltr'><strong><em>ρονσα</em></strong></span> <span class='ocrx_word' id='word_1_122' title='bbox 636 2288 729 2351; x_wconf 90' lang='grc' dir='ltr'><strong><em>ρονσα</em></strong></span> <span class='ocrx_word' id='word_1_123' title='bbox 926 2263 1021 2349; x_wconf 85' lang='lat' dir='ltr'>deest)</span> 
     </span>
    </p>

    <p class='ocr_par' dir='ltr' id='par_1_15' title="bbox 213 2359 976 2436">
     <span class='ocr_line' id='line_1_22' title="bbox 213 2359 976 2436; baseline 0.003 -18"><span class='ocrx_word' id='word_1_124' title='bbox 213 2363 316 2436; x_wconf 85' lang='lat'>100,3</span> <span class='ocrx_word' id='word_1_125' title='bbox 341 2359 445 2432; x_wconf 85' lang='grc' dir='ltr'><em>λεάνας</em></span> <span class='ocrx_word' id='word_1_126' title='bbox 591 2360 734 2432; x_wconf 86' lang='grc' dir='ltr'><em>λεανάνας</em></span> <span class='ocrx_word' id='word_1_127' title='bbox 858 2359 976 2432; x_wconf 82' lang='grc' dir='ltr'><em>λειάνας</em></span> 
     </span>
    </p>

    <p class='ocr_par' dir='ltr' id='par_1_16' title="bbox 213 2441 1193 2620">
     <span class='ocr_line' id='line_1_23' title="bbox 213 2441 1193 2532; baseline -0.002 -25"><span class='ocrx_word' id='word_1_128' title='bbox 213 2451 339 2523; x_wconf 85' lang='grc'><strong>126,24</strong></span> <span class='ocrx_word' id='word_1_129' title='bbox 362 2457 444 2531; x_wconf 79' lang='grc' dir='ltr'><strong><em>τριχῆ</em></strong></span> <span class='ocrx_word' id='word_1_130' title='bbox 473 2449 536 2509; x_wconf 87' lang='grc' dir='ltr'><strong><em>δια·</em></strong></span> <span class='ocrx_word' id='word_1_131' title='bbox 590 2458 672 2529; x_wconf 79' lang='grc' dir='ltr'><strong><em>τριχῆ</em></strong></span> <span class='ocrx_word' id='word_1_132' title='bbox 689 2447 804 2509; x_wconf 83' lang='grc' dir='ltr'>λιαστά-</span> <span class='ocrx_word' id='word_1_133' title='bbox 859 2447 1069 2530; x_wconf 82' lang='grc' dir='ltr'><strong><em>τριχιλιαστάτη</em></strong></span> <span class='ocrx_word' id='word_1_134' title='bbox 1086 2441 1137 2532; x_wconf 71' lang='grc' dir='ltr'>(Α,</span> <span class='ocrx_word' id='word_1_135' title='bbox 1153 2448 1193 2505; x_wconf 84' lang='grc' dir='ltr'>δο-</span> 
     </span>
     <span class='ocr_line' id='line_1_24' title="bbox 256 2530 963 2620; baseline 0 -23"><span class='ocrx_word' id='word_1_136' title='bbox 256 2546 344 2617; x_wconf 78' lang='grc' dir='ltr'><strong><em>στατῆ</em></strong></span> <span class='ocrx_word' id='word_1_137' title='bbox 635 2561 670 2615; x_wconf 76' lang='grc' dir='ltr'>τη</span> <span class='ocrx_word' id='word_1_138' title='bbox 905 2530 963 2620; x_wconf 84' lang='lat' dir='ltr'>est)</span> 
     </span>
    </p>

    <p class='ocr_par' dir='ltr' id='par_1_17' title="bbox 213 2625 1242 2707">
     <span class='ocr_line' id='line_1_25' title="bbox 213 2625 1242 2707; baseline 0.002 -23"><span class='ocrx_word' id='word_1_139' title='bbox 213 2628 338 2701; x_wconf 91' lang='grc'>128,13</span> <span class='ocrx_word' id='word_1_140' title='bbox 362 2625 494 2707; x_wconf 81' lang='grc' dir='ltr'><strong><em>προόδου</em></strong></span> <span class='ocrx_word' id='word_1_141' title='bbox 590 2625 705 2707; x_wconf 83' lang='grc' dir='ltr'><strong><em>πρόδοο</em></strong></span> <span class='ocrx_word' id='word_1_142' title='bbox 858 2625 1012 2706; x_wconf 82' lang='grc' dir='ltr'><strong><em>προδοῦσα</em></strong></span> <span class='ocrx_word' id='word_1_143' title='bbox 1241 2651 1242 2702; x_wconf 58' lang='lat'>3</span> 
     </span>
    </p>

    <p class='ocr_par' dir='ltr' id='par_1_18' title="bbox 213 2707 1142 2797">
     <span class='ocr_line' id='line_1_26' title="bbox 213 2707 1142 2797; baseline 0.001 -24"><span class='ocrx_word' id='word_1_144' title='bbox 213 2716 316 2790; x_wconf 85' lang='lat'>138,4</span> <span class='ocrx_word' id='word_1_145' title='bbox 340 2714 434 2795; x_wconf 80' lang='grc' dir='ltr'><em>λαγώς</em></span> <span class='ocrx_word' id='word_1_146' title='bbox 591 2720 691 2796; x_wconf 75' lang='grc' dir='ltr'><em>λαγῶς</em></span> <span class='ocrx_word' id='word_1_147' title='bbox 859 2714 945 2796; x_wconf 75' lang='grc' dir='ltr'><em>λόγος</em></span> <span class='ocrx_word' id='word_1_148' title='bbox 968 2708 1023 2797; x_wconf 72' lang='grc' dir='ltr'>(Α,</span> <span class='ocrx_word' id='word_1_149' title='bbox 1048 2707 1142 2797; x_wconf 85' lang='lat' dir='ltr'>deest)</span> 
     </span>
    </p>

    <p class='ocr_par' dir='ltr' id='par_1_19' title="bbox 214 2796 1023 2975">
     <span class='ocr_line' id='line_1_27' title="bbox 214 2796 1023 2975; baseline 0.002 -113"><span class='ocrx_word' id='word_1_150' title='bbox 214 2807 314 2974; x_wconf 49' lang='lat' dir='ltr'>15}st</span> <span class='ocrx_word' id='word_1_151' title='bbox 339 2796 402 2975; x_wconf 75' lang='grc' dir='ltr'><strong><em>κριτ’</em></strong></span> <span class='ocrx_word' id='word_1_152' title='bbox 428 2803 537 2864; x_wconf 80' lang='grc' dir='ltr'><em>οἰωνὸν</em></span> <span class='ocrx_word' id='word_1_153' title='bbox 591 2798 662 2865; x_wconf 77' lang='grc' dir='ltr'><strong><em>καθ’</em></strong></span> <span class='ocrx_word' id='word_1_154' title='bbox 677 2805 805 2866; x_wconf 80' lang='grc' dir='ltr'><em>οἷωνοῦν</em></span> <span class='ocrx_word' id='word_1_155' title='bbox 859 2809 1023 2885; x_wconf 80' lang='grc' dir='ltr'><strong><em>καθιεροῦν</em></strong></span> 
     </span>
     <span class='ocr_line' id='line_1_28' title="bbox 273 2893 358 2952; baseline -0.012 0"><span class='ocrx_word' id='word_1_156' title='bbox 273 2893 358 2952; x_wconf 80' lang='lat' dir='ltr'>sieS</span> 
     </span>
    </p>

    <p class='ocr_par' dir='ltr' id='par_1_20' title="bbox 213 2976 1160 3064">
     <span class='ocr_line' id='line_1_29' title="bbox 213 2976 1160 3064; baseline 0 -24"><span class='ocrx_word' id='word_1_157' title='bbox 213 2983 338 3056; x_wconf 74' lang='lat'>158,15</span> <span class='ocrx_word' id='word_1_158' title='bbox 362 2978 394 3040; x_wconf 79' lang='grc' dir='ltr'>ἐκ</span> <span class='ocrx_word' id='word_1_159' title='bbox 415 2990 467 3060; x_wconf 76' lang='grc' dir='ltr'>τῆς</span> <span class='ocrx_word' id='word_1_160' title='bbox 485 2990 537 3042; x_wconf 83' lang='grc' dir='ltr'>τοῦ</span> <span class='ocrx_word' id='word_1_161' title='bbox 592 2980 623 3042; x_wconf 72' lang='grc' dir='ltr'>ἔκ</span> <span class='ocrx_word' id='word_1_162' title='bbox 645 3003 675 3042; x_wconf 87' lang='grc' dir='ltr'>τε</span> <span class='ocrx_word' id='word_1_163' title='bbox 697 2990 749 3042; x_wconf 83' lang='grc' dir='ltr'>τοῦ</span> <span class='ocrx_word' id='word_1_164' title='bbox 860 2979 892 3041; x_wconf 80' lang='grc' dir='ltr'>ἐκ</span> <span class='ocrx_word' id='word_1_165' title='bbox 915 2991 968 3042; x_wconf 82' lang='grc' dir='ltr'>τοῦ</span> <span class='ocrx_word' id='word_1_166' title='bbox 991 2976 1045 3064; x_wconf 73' lang='grc' dir='ltr'>(Α,</span> <span class='ocrx_word' id='word_1_167' title='bbox 1071 2977 1160 3058; x_wconf 85' lang='lat' dir='ltr'>deest)</span> 
     </span>
    </p>

    <p class='ocr_par' dir='ltr' id='par_1_21' title="bbox 213 3060 1180 3240">
     <span class='ocr_line' id='line_1_30' title="bbox 213 3060 1180 3240; baseline 0 -111"><span class='ocrx_word' id='word_1_168' title='bbox 213 3071 339 3240; x_wconf 58' lang='lat'>181,1{3</span> <span class='ocrx_word' id='word_1_169' title='bbox 363 3063 538 3152; x_wconf 75' lang='grc' dir='ltr'><strong><em>καῦσαι(εἰο</em></strong></span> <span class='ocrx_word' id='word_1_170' title='bbox 590 3079 683 3132; x_wconf 85' lang='grc' dir='ltr'><strong><em>κῶσαι</em></strong></span> <span class='ocrx_word' id='word_1_171' title='bbox 859 3080 990 3132; x_wconf 81' lang='grc' dir='ltr'><strong><em>κακῶσαι</em></strong></span> <span class='ocrx_word' id='word_1_172' title='bbox 1014 3066 1068 3154; x_wconf 71' lang='grc' dir='ltr'>(Α,</span> <span class='ocrx_word' id='word_1_173' title='bbox 1093 3060 1180 3149; x_wconf 81' lang='lat' dir='ltr'>deest)</span> 
     </span>
    </p>

    <p class='ocr_par' dir='ltr' id='par_1_22' title="bbox 213 3244 1193 3509">
     <span class='ocr_line' id='line_1_31' title="bbox 213 3244 1193 3328; baseline -0.002 -22"><span class='ocrx_word' id='word_1_174' title='bbox 213 3250 317 3324; x_wconf 84' lang='grc'>183,6</span> <span class='ocrx_word' id='word_1_175' title='bbox 343 3244 445 3320; x_wconf 84' lang='grc' dir='ltr'><strong><em>σκότος</em></strong></span> <span class='ocrx_word' id='word_1_176' title='bbox 468 3246 538 3328; x_wconf 75' lang='grc' dir='ltr'>γνό-</span> <span class='ocrx_word' id='word_1_177' title='bbox 592 3248 806 3322; x_wconf 86' lang='grc' dir='ltr'><strong><em>σκότοςσκότος</em></strong></span> <span class='ocrx_word' id='word_1_178' title='bbox 859 3249 962 3323; x_wconf 89' lang='grc' dir='ltr'><strong><em>σκότος</em></strong></span> <span class='ocrx_word' id='word_1_179' title='bbox 1005 3247 1056 3310; x_wconf 81' lang='grc' dir='ltr'>καλ</span> <span class='ocrx_word' id='word_1_180' title='bbox 1096 3248 1193 3308; x_wconf 85' lang='grc' dir='ltr'><em>θόελλα</em></span> 
     </span>
     <span class='ocr_line' id='line_1_32' title="bbox 256 3331 1109 3421; baseline 0.001 -25"><span class='ocrx_word' id='word_1_181' title='bbox 256 3359 314 3414; x_wconf 84' lang='grc' dir='ltr'>φος</span> <span class='ocrx_word' id='word_1_182' title='bbox 344 3335 395 3397; x_wconf 87' lang='grc' dir='ltr'>καλ</span> <span class='ocrx_word' id='word_1_183' title='bbox 428 3337 539 3398; x_wconf 80' lang='grc' dir='ltr'><em>θύελλα</em></span> <span class='ocrx_word' id='word_1_184' title='bbox 636 3337 685 3400; x_wconf 85' lang='grc' dir='ltr'>καὶ</span> <span class='ocrx_word' id='word_1_185' title='bbox 695 3339 806 3399; x_wconf 81' lang='grc' dir='ltr'><em>θύελλα</em></span> <span class='ocrx_word' id='word_1_186' title='bbox 928 3337 981 3419; x_wconf 76' lang='grc' dir='ltr'>(Α,</span> <span class='ocrx_word' id='word_1_187' title='bbox 1005 3331 1109 3421; x_wconf 81' lang='lat' dir='ltr'>deest).</span> 
     </span>
     <span class='ocr_line' id='line_1_33' title="bbox 256 3419 430 3509; baseline -0.006 -24"><span class='ocrx_word' id='word_1_188' title='bbox 256 3419 312 3506; x_wconf 80' lang='lat' dir='ltr'>(sie</span> <span class='ocrx_word' id='word_1_189' title='bbox 334 3420 430 3509; x_wconf 85' lang='lat' dir='ltr'><strong>LXX)</strong></span> 
     </span>
    </p>
   </div>
   <div class='ocr_carea' id='block_1_8' title="bbox 255 3552 1192 3637">
    <p class='ocr_par' dir='ltr' id='par_1_23' title="bbox 255 3552 1192 3637">
     <span class='ocr_line' id='line_1_34' title="bbox 255 3552 1192 3637; baseline 0.003 -21"><span class='ocrx_word' id='word_1_190' title='bbox 255 3560 354 3635; x_wconf 81' lang='lat' dir='ltr'>recepi</span> <span class='ocrx_word' id='word_1_191' title='bbox 378 3562 478 3618; x_wconf 76' lang='lat' dir='ltr'>autem</span> <span class='ocrx_word' id='word_1_192' title='bbox 496 3558 528 3618; x_wconf 89' lang='lat' dir='ltr'>in</span> <span class='ocrx_word' id='word_1_193' title='bbox 547 3560 624 3620; x_wconf 84' lang='lat' dir='ltr'>hune</span> <span class='ocrx_word' id='word_1_194' title='bbox 643 3564 833 3637; x_wconf 79' lang='lat' dir='ltr'>conspectum</span> <span class='ocrx_word' id='word_1_195' title='bbox 852 3560 1010 3620; x_wconf 86' lang='lat' dir='ltr'><strong>nonnullos</strong></span> <span class='ocrx_word' id='word_1_196' title='bbox 1029 3562 1117 3631; x_wconf 77' lang='lat' dir='ltr'>locos,</span> <span class='ocrx_word' id='word_1_197' title='bbox 1138 3552 1192 3630; x_wconf 79' lang='lat' dir='ltr'><strong>qui·</strong></span> 
     </span>
    </p>
   </div>
   <div class='ocr_carea' id='block_1_9' title="bbox 0 0 1270 3984">
    <p class='ocr_par' dir='ltr' id='par_1_24' title="bbox 0 0 1270 3984">
     <span class='ocr_line' id='line_1_35' title="bbox 0 0 1270 3984; baseline 0 0"><span class='ocrx_word' id='word_1_198' title='bbox 0 0 1270 3984; x_wconf 95' lang='lat' dir='ltr'> </span> 
     </span>
    </p>
   </div>
  </div>
 </body>
</html>
