2556 3996
477 177 758 234 τιεειιυυευιυε
1080 181 1125 246 55

106 343 280 426 διχότομος
311 337 413 418 αὖθις
442 340 650 428 ἀμφίκυρτος
681 337 783 418 αὖθις
814 344 991 427 μηνοειδής
1023 339 1125 422 αὖθις
1138 359 1166 412 Χ

105 450 297 534 <σύνοδος>.
339 447 447 534 ἕτεροι
465 444 503 514 δὲ
521 447 639 514 ἕνδεκα
658 451 806 535 σχήματα
824 444 910 514 εἶναι
929 451 1124 534 βούλονται·

102 557 185 640 μετά
216 558 281 641 γάρ
313 557 374 640 τήν
411 555 558 621 σύνοδον
591 555 776 641 άραδμοῦσι
808 554 863 620 καὶ
895 557 957 640 τήν
988 556 1123 643 γένναν,

102 663 184 728 ὅταν
207 667 289 747 μίαν
312 673 435 749 μοῖραν
458 661 583 748 ἀποστῇ
607 662 627 745 ή
652 664 773 746 σελήνη
796 672 857 728 τοῦ
880 663 986 747 ἡλίου.

48 780 162 848 RrHI,9
213 770 263 834 13.
282 771 347 847 Τάς
364 772 483 836 τοίνυν
500 768 673 846 Καλέυδας
691 770 736 846 ὡς
755 768 912 854 ἐλέγομεν
931 762 985 835 οἷα
1003 795 1121 857 νεομη·
1148 795 1162 834 5

89 881 179 942 -m'av
203 876 362 961 ἐτίμησαν
380 876 547 961 Ῥωμαῖοι,
577 877 658 960 μετά
681 873 719 941 δὲ
746 876 867 954 τούτοις
896 876 1040 961 καθεξῆς
1062 881 1121 956 τάς

99 985 235 1067 Νάνας,
258 981 415 1048 καὶκατὰ
437 987 554 1069 τρίτην
573 982 667 1061 τάξιν
689 984 747 1060 τὰς
766 984 900 1061 Εἰδούς.
936 988 1121 1071 τρίμορφος

98 1087 162 1174 μὲν
185 1092 250 1176 γάρ
272 1089 293 1173 ή
316 1099 374 1174 της
392 1089 540 1174 Ἑκάτης,
561 1092 635 1173 ήτοι
658 1099 716 1173 τῆς
734 1092 896 1175 Σελήνης,
920 1092 1075 1177 δύναμις·
1102 1092 1119 1158 6

98 1198 163 1281 γάρ
183 1194 355 1262 Ἀπόλλων
378 1196 415 1261 ἐν
437 1196 532 1284 ήλίῳ,
554 1206 653 1262 τοῦτο
672 1196 790 1281 Ἑκάτη
814 1196 852 1262 ἐν
875 1201 1005 1284 σελήνη.

51 1322 79 1370 10
169 1303 221 1368 14.
239 1301 311 1368 Ὅτι
339 1302 357 1369 6
384 1304 562 1388 τριάκοντα
589 1303 734 1389 ἀριθμὸς
762 1305 990 1387 φυσικῶτατός
1017 1305 1117 1390 ἐστιν,
1132 1322 1213 1376 XYS

98 1410 206 1496 δγάρ
230 1409 416 1502 ἐνμονάσι
442 1411 553 1495 τριάς,
581 1420 679 1476 τοῦτο
704 1410 740 1476 ἐν
768 1412 882 1477 δεκάσι
910 1415 1118 1498 τριακοντάς·
1132 1443 1160 1481 11

97 1516 169 1582 ἐπεὶ
192 1515 248 1582 καὶ
271 1516 289 1582 6
308 1526 368 1582 τοῦ
391 1517 495 1602 μηνὸς
517 1517 639 1593 κύκλος
667 1515 867 1600 συνέστηκεν
890 1517 926 1582 ἐκ
948 1520 1118 1604 τεσσάρων
1132 1536 1159 1588 Y

96 1622 253 1689 τῶνάπὸ
277 1624 424 1708 μονάδος
447 1621 520 1707 ἑξῆς
542 1623 770 1709 τετραγώνων,
793 1621 822 1689 α’
847 1622 875 1688 δ
898 1621 933 1690 θ’
958 1622 1009 1708 ις’,
1034 1625 1117 1691 ὅθεν

97 1731 159 1797 ούκ
183 1730 247 1796 ἀπὸ
277 1739 403 1796 σκοποῦ
426 1729 642 1816 Ἡράκλειτος
668 1730 787 1813 γενεάν
814 1732 874 1795 τὸν
900 1741 988 1816 μῆνα
1014 1738 1116 1798 καλοί.

48 1857 77 1904 11
168 1837 218 1902 15.
246 1838 342 1903 Μετά
369 1834 407 1902 δὲ
434 1839 492 1914 τὰς
518 1835 693 1914 Καλίνδας
719 1837 918 1922 εὑρίσκομεν
943 1844 1117 1924 πολλαχῶς
1131 1857 1158 1910 Χ

96 1946 158 2010 τὸν
179 1947 305 2031 χρόνον
327 1945 533 2030 διαιρεῖσθαι
556 1945 603 2021 εἰς
631 1947 736 2010 αἰῶνα
759 1947 807 2022 εἰς
829 1947 953 2031 χρόνον
976 1947 1024 2022 εἰς
1046 1971 1116 2013 και·
1131 1975 1158 2015 τε

97 2053 159 2138 ρὸν
182 2053 231 2128 εἰς
249 2051 412 2117 ἐνιαυτόν.
454 2051 537 2116 αἰὼν
559 2054 678 2117 τοίνυν
700 2049 792 2116 ἐστὶν
814 2053 950 2137 ἀπειρός
975 2076 1025 2129 τις
1048 2065 1116 2119 τῶν
1129 2071 1189 2125 ΧΗ

96 2159 266 2244 οὐρανίων
294 2159 454 2242 σωμάτων
481 2160 698 2244 περιπόλησις
724 2157 745 2242 ή
773 2158 877 2223 αὐτοῦ
905 2168 965 2224 τοῦ
993 2161 1117 2237 παντὸς

96 2267 245 2351 ούρανοῦ
268 2266 430 2349 παντελής
448 2263 679 2349 ἀνακύκλησις,
703 2268 823 2351 χρόνος
846 2261 883 2330 δὲ
901 2265 921 2348 ή
942 2264 975 2344 ἐξ
994 2267 1115 2344 αἰῶνος

96 2372 251 2459 ἀόριστος
282 2374 420 2448 ἔκτασις.
465 2371 568 2457 ταύτῃ
599 2369 655 2436 καὶ
687 2374 821 2458 Κρόνος
851 2383 929 2449 παῖς
957 2372 1115 2458 Οὐρανοῦ
1129 2392 1154 2444 Χ

96 2479 238 2563 λέγεται·
267 2477 285 2544 6
308 2479 373 2563 γάρ
400 2480 520 2564 χρόνος
547 2478 582 2543 ἐκ
605 2490 673 2543 τῶν
699 2488 760 2544 τοῦ
780 2477 928 2564 ούρανοῦ
950 2483 1115 2564 κινήσεων
1128 2511 1154 2549 τι

95 2589 257 2672 πρόεισιν.
302 2587 385 2651 ὥστε
414 2587 530 2671 καιρός
557 2583 626 2650 ἐστι
654 2587 778 2671 χρόνου
805 2587 1028 2671 παράδειγμα,
1057 2585 1114 2652 καλ

96 2693 157 2759 ούκ
179 2692 279 2769 αὐτὸς
302 2690 320 2757 6
341 2693 470 2777 χρόνος.

44 2814 119 2868 deest
127 2811 168 2864 Rr
193 2800 243 2864 16.
264 2796 335 2864 Ὅτι
359 2797 511 2884 διαφέρει
538 2801 675 2883 μεγίστη
703 2798 965 2876 ἀποκατάστασις
987 2802 1146 2878 τελείαςε

94 2907 254 2992 περιόδου
268 2913 314 2994 τῷ
332 2906 394 2989 τήν
407 2900 469 2990 μὲν
487 2904 755 2970 ἀποκατάστασιν
772 2903 912 2972 ἀπὸτοῦ
931 2906 1035 2972 αὐτοῦ
1055 2924 1112 2991 ση-
1125 2937 1153 2976 τε

164 3117 189 3152 v.
205 3104 221 3151 2
240 3098 372 3152 lacunam
389 3096 550 3151 litterarum
569 3113 617 3152 sex
635 3097 683 3168 (A)
702 3097 746 3150 vel
766 3097 863 3152 decem
882 3099 979 3169 (B)X‚
1003 3098 1111 3153 inserta

93 3186 159 3226 voce
178 3169 284 3239 πλήρης
302 3168 425 3239 explevit
443 3169 503 3236 Son,
523 3168 683 3242 <σύνοδος>
699 3167 750 3223 Gu.
764 3167 845 3222 Kroll
917 3175 933 3222 5
952 3168 1111 3239 νουμηνίαν

94 3244 125 3296 Χ
219 3247 252 3294 10
275 3238 317 3294 δτι
345 3239 439 3310 (omis.
466 3241 508 3310 X)
540 3240 555 3294 6
582 3238 734 3308 τριάκοντα
752 3271 788 3280 -
807 3245 839 3293 11
863 3240 1031 3309 τριακοντάς
1054 3241 1113 3298 XS

95 3319 128 3368 14
145 3313 211 3382 post
224 3314 303 3366 καλεῖ
317 3311 439 3366 OEFG
456 3310 487 3365 in
505 3310 632 3382 margine
650 3311 770 3366 addunt:
790 3311 839 3365 καὶ
853 3310 881 3366 ολ
895 3309 944 3380 μὲν
959 3314 1111 3382 χραμμικολ

94 3403 207 3473 ᾶβχδ
228 3400 278 3455 τὸν
301 3398 371 3456 δέκα
394 3410 569 3469 συνεστῶσιν,
596 3399 623 3454 ολ
643 3398 674 3454 δὲ
693 3399 749 3454 ἀπὸ
767 3399 873 3454 τούτων
892 3399 974 3472 κύβοι
996 3407 1016 3456 ἆ
1037 3408 1056 3472 ἠ
1079 3405 1113 3468 κζ

93 3481 127 3559 ξδ
144 3490 195 3544 τὸν
212 3495 232 3556 ᾗ
248 3498 379 3544 ποιοῦσιν
453 3495 484 3543 17
504 3489 575 3544 αἰὼν
594 3485 627 3542 δέ
640 3487 715 3543 ἐστιν
728 3521 762 3528 -
778 3494 811 3541 20
831 3487 940 3552 ἔκτασις
952 3490 988 3543 Η
1003 3489 1111 3546 1161*

94 3569 127 3618 18
145 3558 337 3633 περιπόλησις]
351 3558 500 3631 περίληψις
513 3561 548 3614 H
614 3567 647 3614 19
666 3560 684 3630 ἡ
699 3559 778 3616 omis.
793 3559 828 3614 Η
890 3567 925 3616 20
944 3561 1068 3627 ἔκστασις
1081 3565 1111 3618 Α
