2556 3996
551 186 660 240 LIBER
678 186 799 240 ALTER

484 919 647 992 LIBER
674 919 863 1008 ALTER.

554 1092 638 1162 Περὶ
656 1085 793 1162 ἡμέρας.

124 1248 151 1300 Η
212 1238 241 1300 1.
313 1236 496 1320 ἀναγκαῖόν
509 1261 566 1321 μοι
580 1237 672 1302 δοκεῖ
686 1233 763 1321 περὶ
777 1247 845 1301 τῶν
858 1248 975 1320 μηνῶν
988 1237 1229 1321 είκεῶι,ι1εοειῶ

165 1343 249 1408 ὅθεν
266 1341 322 1407 καλ
341 1341 428 1420 ὅπως
447 1344 507 1426 τὴν
525 1345 753 1428 προσηγορίαν
772 1341 883 1407 αὐτῶν
901 1341 1037 1419 ἕκαστος
1053 1349 1182 1428 εἴληφε,

136 1447 219 1514 ικαὶ
251 1451 333 1535 άτερ
366 1447 442 1514 καθ’
471 1447 610 1515 ἕκαστον
642 1448 752 1514 αὐτῶν
784 1459 854 1525 τοῖς
879 1447 1049 1533 Ῥωμαίοις
1077 1452 1183 1516 πάλαι

163 1558 441 1643 παρατετὴρηται,
470 1555 532 1621 ὅσα
554 1578 592 1639 γε
615 1554 709 1640 ἡμεῖς
732 1553 769 1620 ἐκ
796 1567 863 1620 τῶν
881 1555 1069 1640 Ῥωμαϊκῶν
1094 1558 1182 1622 ἱστο-
1262 1526 1263 1604 λ

163 1676 246 1749 ριῶν
268 1666 532 1749 παρειλήφαμεν·
559 1663 643 1747 πρὸς
669 1662 801 1738 τούτοις
827 1658 883 1726 καὶ
910 1661 986 1746 περὶ
1014 1664 1181 1747 διαφορᾶς

162 1772 211 1834 ἔτι
240 1771 404 1855 πρότερον
433 1767 610 1852 ἐνιαυτῶν,
643 1769 776 1834 αἰώνων
807 1791 843 1833 τε
874 1766 929 1833 καὶ
961 1772 1094 1854 χρόνων
1125 1768 1179 1834 καλ

162 1876 265 1961 ἀρχῆς
281 1875 422 1962 ἡμερῶν.
459 1873 589 1957 γένοιτο
609 1873 652 1939 δν
669 1873 724 1939 καί
743 1883 842 1940 τοῦτο
865 1877 975 1961 ὥσπερ
994 1876 1130 1960 ἡδυσμά
1148 1901 1178 1940 τι

121 2006 148 2044 10
161 1993 233 2059 ταῖς
255 1994 323 2048 τῶν
345 1987 480 2047 πολλῶν
503 1981 625 2058 ἀκοαῖς.

64 2135 152 2189 ΧΥΗ
206 2127 236 2190 2.
251 2123 297 2188 ‘H
312 2125 437 2208 φυσικὴ
455 2123 561 2210 ἡμέρα
579 2123 643 2189 άπὸ
662 2135 729 2189 τῶν
747 2123 846 2207 ἡλίου
864 2124 1037 2190 ἀνατολῶν
1056 2123 1120 2202 ἕως
1135 2135 1221 2201 ΙιιΙΙ,ι

55 2241 196 2295 XYHPS
207 2232 345 2314 δυσμῶν
354 2232 566 2314 λαμβάνεται,
580 2228 652 2296 ἀλλ’
667 2231 709 2297 οὐ
718 2232 808 2317 παρὰ
821 2241 924 2296 πᾶσιν
934 2231 1047 2307 οὕτως.
1069 2235 1178 2316 Βαβυ-

163 2338 279 2403 λώνιοι
297 2332 359 2421 μὲν
382 2339 445 2423 γὰρ
470 2336 534 2438 άκδ
558 2337 731 2404 ἀνατολῶν
759 2337 857 2421 ἡλίου
880 2336 941 2415 ἕως
964 2337 1076 2404 αὐτῶν
1099 2343 1178 2424 λαμ-

234 2654 258 2690 v.
275 2641 290 2688 2
310 2636 380 2704 Περὶ
398 2633 503 2706 ἡμέρας
521 2637 553 2690 X
605 2641 621 2690 3
641 2637 711 2704 Περὶ
734 2645 830 2706 μηνῶν
853 2637 902 2690 καὶ
925 2633 1031 2705 δρόμου
1053 2638 1174 2706 σελήνης.

162 2703 288 2776 μέλλοντί
306 2726 354 2776 μοι
372 2708 436 2776 περὶ
453 2716 510 2762 τῶν
527 2715 577 2777 τῆς
593 2705 708 2776 σελήνης
722 2705 849 2763 συνόδων
863 2707 937 2776 ἐρεῖν
953 2750 959 2760 .
975 2751 981 2762 .
998 2749 1004 2761 .
1019 2707 1176 2779 ἀναγκαῖόν

161 2798 208 2847 μοι
227 2780 307 2832 δοκεῖ
318 2779 383 2846 περὶ
396 2787 452 2833 τῶν
466 2788 562 2847 μηνῶν
575 2776 712 2847 πρότερον
727 2779 815 2833 εἰπεῖν
825 2810 861 2818 -
872 2784 905 2831 10
915 2781 1022 2833 πολλῶν
1037 2778 1137 2844 ἀκοαῖς
1145 2780 1178 2833 H

160 2849 179 2903 f.
196 2855 247 2903 160
255 2867 276 2902 r.
352 2855 382 2902 11
404 2849 464 2903 ἐπεὶ
478 2849 510 2903 δὲ
525 2850 564 2912 εἰς
581 2850 613 2903 τὸ
632 2849 833 2919 ἡμερονάκτιον
851 2849 1070 2919 κατηντήσαμεν,
1089 2852 1175 2922 χρεὼν

161 2921 251 2975 εἰπεῖν
265 2921 314 2975 καλ
333 2917 408 2982 ὅκως
426 2929 507 2975 τοῦτο
525 2918 661 2991 λογίζεται
679 2919 747 2990 παρ’
766 2919 892 2984 ἑκάστοις
909 2930 968 2983 τοῖς
987 2920 1109 2991 ἔθνεσιν,
1124 2919 1171 2976 εἶτ’

161 2988 212 3047 οὖν
226 2989 302 3055 ὅπως
315 2991 333 3061 ἡ
348 2988 437 3062 ἡμέρα
451 3001 597 3060 μετρεῖται.
630 2992 799 3063 βαβυλώνιοι
817 2990 868 3060 μὲν
887 2988 938 3048 οὖν
957 2991 1014 3048 ἀπὸ
1032 2993 1175 3048 ἀνατολῶν

159 3061 239 3132 ἡλίου
258 3061 336 3134 μέχρι
354 3071 410 3116 τῶν
433 3064 544 3132 δυσμῶν
563 3064 649 3117 αὐτοῦ
668 3063 719 3132 τὴν
741 3060 847 3133 ἡμέραν
867 3061 1019 3132 ὁρίζονται,
1043 3073 1093 3135 τῆς
1111 3085 1175 3120 υνκ-

158 3135 256 3198 τὸς-
274 3154 302 3205 p.
323 3139 410 3203 20,12
435 3133 623 3203 ὀνομάζεσθαι
637 3134 695 3188 Pf.
712 3139 791 3187 109r
810 3133 994 3200 (Boissonade
1018 3136 1115 3190 anecd.
1135 3153 1173 3206 gr.

158 3206 172 3258 Ι
189 3224 216 3276 p.
231 3212 284 3260 420
293 3208 352 3276 sq.).
390 3202 434 3259 δτι
452 3204 543 3276 (omis.
563 3207 603 3274 X)
626 3205 644 3274 ἡ
659 3205 763 3274 φυσικὴ
788 3202 951 3276 ἡμέρα-μ.
967 3211 1033 3274 20‚4
1052 3206 1099 3260 ἐπὶ
1116 3216 1176 3268 ταῖς

160 3275 296 3346 γενέσεσιν
315 3277 389 3345 XY,
407 3276 425 3345 ἡ
444 3277 548 3346 φυσικὴ
561 3274 729 3346 ἡμέρα-μ.
738 3282 819 3345 20,11
835 3277 935 3340 νυκτὸς
948 3274 1111 3347 ἠρίθμησαν
1124 3279 1158 3331 Η
1168 3277 1172 3348 Ι

158 3357 207 3402 τοῦ
226 3346 306 3418 ἡλίου
326 3349 360 3402 Η
442 3354 474 3401 12
493 3347 721 3419 ἀπολαμβάνειαι
745 3349 774 3401 Υ
795 3350 799 3418 Ι
825 3345 867 3402 ὅτι
886 3348 914 3402 ολ
931 3351 969 3419 βα
987 3350 1102 3403 υλώνιοι
1120 3348 1174 3402 ἀπὸ

158 3419 302 3475 ἀνατολῶν
316 3453 351 3460 -
365 3438 392 3490 p.
408 3424 473 3487 20‚4
492 3416 667 3489 γενέσεσιυδ
738 3425 771 3472 13
790 3419 928 3489 ἀνατολῆς
998 3422 1002 3490 Ι
1027 3417 1107 3490 μέχρι
1120 3429 1173 3474 τῶν

158 3491 269 3558 δυσμῶν
292 3491 379 3545 αὐτοῦ
402 3490 454 3559 τὴν
472 3487 579 3559 ἡμέραν
597 3488 737 3559 ὁρίζονται
757 3491 790 3557 Ρ,
814 3487 865 3553 ἕως
888 3492 981 3546 αὐτῶν
998 3491 1050 3560 τὴν
1068 3489 1173 3560 ἡμέραν

158 3559 330 3631 λαμβάνουσι
349 3561 377 3628 S,
396 3559 476 3631 ἡλίου
495 3558 572 3631 μέχρι
592 3563 703 3630 δυσμῶν
721 3559 893 3632 λαμβάνουσι
911 3563 947 3615 Η
