2524 3984
131 161 157 214 X
541 159 746 216 PRAEFATIO

200 327 311 398 Quodsi
338 330 400 388 iam
428 329 637 404 concessimus,
669 347 730 388 non
759 347 881 405 prorsus
910 329 1062 406 integrum
1084 348 1149 389 esse

133 418 263 478 codicem
296 415 338 492 Ο,
370 419 503 476 attamen
539 418 748 494 integerrimus
786 422 816 477 et
852 418 1072 478 vetustissimus
1104 421 1151 478 est

133 507 268 567 codicum
290 505 496 582 Lydianorum
517 525 611 564 manu
633 507 821 583 scriptorum,
846 508 995 582 quotquot
1018 507 1151 566 aetatem

131 597 275 655 tulerunt.
322 596 451 672 scriptus
475 598 520 654 est
542 595 617 654 satis
645 595 819 672 diligenter,
849 615 945 671 neque
973 599 1074 655 tamen
1096 597 1150 672 ita,

132 688 170 744 ut
198 686 299 744 careat
328 683 458 743 itacismi
487 703 576 760 quem
605 687 714 744 vocant
744 684 825 744 vitiis
858 687 887 742 et
917 684 1059 760 exemplis
1082 704 1150 745 con·

132 774 270 833 fusarum
298 773 377 832 inter
407 792 437 832 se
466 773 636 832 litterarum
663 775 682 852 β
706 774 736 831 et
757 796 790 849 o,
821 795 834 832 ε
858 777 888 832 et
911 796 954 848 cc,
984 795 1000 832 o
1025 777 1054 832 et
1078 797 1101 832 ω
1121 777 1151 832 et

132 864 372 940 permutatorum
393 881 525 937 casuum,
549 861 680 938 genetivi
698 881 765 920 cum
784 861 964 936 accusativo,
987 862 1152 922 accusativi

135 970 203 1010 oum
220 945 428 1011 nominativo.1
464 969 566 1025 quare,
589 950 642 1008 ubi
660 951 735 1008 talia
753 951 838 1011 nobis
858 952 1017 1011 occurrunt
1034 951 1150 1027 menda,

134 1040 222 1098 facile
246 1039 379 1098 sananda
403 1038 459 1098 erit
487 1038 595 1099 codicis
622 1040 726 1113 leoti0;
754 1040 786 1098 in
814 1039 918 1098 ceteris
946 1042 1063 1114 autem,
1092 1039 1152 1099 nisi

135 1149 194 1206 quo
219 1128 279 1187 alio
303 1128 402 1189 codice
430 1127 620 1187 Oaseolinum
648 1147 760 1187 errasse
784 1132 886 1206 aperte
920 1129 1151 1204 demonstratur,

135 1217 314 1278 coniecturis
337 1216 560 1276 abstinebimus.

23 1323 74 1363 cos.
88 1324 109 1362 a
202 1307 308 1381 Neque
331 1326 400 1366 vero
429 1305 549 1364 difficile
581 1309 626 1364 est
655 1305 825 1382 intellectu,
859 1306 1008 1383 quomodo
1037 1305 1153 1365 factum

135 1394 189 1468 sit,
220 1396 257 1452 ut
280 1415 295 1452 e
318 1395 402 1455 nullo
432 1395 530 1454 codice
557 1393 675 1472 integro
698 1397 787 1471 plura
811 1395 969 1471 supersint.
1015 1398 1051 1452 ut
1073 1395 1153 1453 enim

134 1483 211 1542 liber
234 1484 269 1542 de
292 1484 443 1542 mensibus
461 1482 616 1559 Lydianus
639 1484 810 1543 continebat
827 1484 1003 1542 immensam
1021 1483 1151 1560 quidem,

136 1573 187 1632 sed
208 1571 289 1630 haud
311 1572 385 1630 bene
408 1572 541 1630 iunctam
564 1573 768 1632 collectionem
786 1592 885 1631 rerum
903 1573 1063 1648 variarum,
1086 1573 1152 1650 qui-

135 1661 190 1720 bus
214 1661 346 1721 omnium
367 1662 512 1720 lectorum
542 1659 635 1718 animi
665 1680 759 1737 aequo
791 1662 878 1722 modo
908 1662 1004 1720 teneri
1029 1661 1152 1720 minime

135 1753 284 1827 poterant,
297 1750 358 1808 iam
371 1752 505 1826 tempore
520 1749 592 1808 satis
606 1753 721 1810 remoto
736 1751 852 1826 excerpi
866 1753 987 1827 coeptus
1002 1754 1047 1809 est
1061 1754 1152 1827 atque

135 1839 407 1915 primumquidsm
430 1838 617 1914 curatione,
647 1842 681 1898 ut
711 1839 829 1916 singula
853 1839 953 1916 capita
977 1839 1013 1899 ob
1036 1839 1153 1898 variam

101 1925 104 1932 '
137 1932 167 1987 et
195 1928 392 2004 multiplicem
429 1927 594 1987 doctrinam
630 1929 864 1987 transferrentur
898 1929 931 1986 in
963 1927 1152 1988 collectiones

136 2035 211 2093 quas
229 2035 368 2078 vocamus
388 2016 657 2092 encyclopaedicas,
680 2019 783 2093 quales
806 2017 875 2076 inde
899 2037 917 2076 a
936 2018 1053 2076 saeculo
1073 2037 1152 2076 nono

135 2107 236 2184 plures
259 2104 399 2182 Byzantii
422 2107 491 2164 sunt
514 2105 678 2179 confectam
701 2105 925 2164 reminiscamur
942 2109 1062 2164 tantum
1080 2105 1152 2180 eiua,

137 2215 213 2271 quae
237 2195 284 2254 sui
309 2193 452 2271 temporis
483 2196 548 2253 erat
577 2194 755 2270 clarissima,
786 2195 933 2271 epitomae
963 2193 1153 2254 Constantini

135 2283 446 2360 Porphyrogennetae.
484 2286 688 2358 excerptorum
706 2287 806 2342 autem
828 2284 890 2342 eius
909 2283 1024 2360 generis
1042 2283 1152 2359 Lydia-

136 2392 242 2432 norum
264 2371 554 2448 praestantissimum
578 2374 728 2448 exemplar
756 2376 800 2432 est
827 2373 936 2433 codex
962 2371 1152 2431 Parisinus

138 2459 383 2537 supplementi
414 2461 535 2536 graeci
564 2463 626 2521 607
638 2461 675 2537 Α,
706 2461 738 2520 in
767 2461 896 2521 editione
919 2462 946 2520 R
973 2462 1152 2537 appellatus,

137 2569 226 2627 quem
238 2549 389 2626 integrum
408 2548 501 2607 edidit
513 2550 590 2608 Max.
607 2551 684 2608 Trou
697 2551 730 2608 in
742 2552 963 2628 programmate
979 2548 1153 2609 Ohlaviensi

137 2639 209 2697 anni
225 2639 311 2698 1880
330 2631 493 2720 (Excerpta
512 2640 652 2714 anonymi
670 2639 832 2715 Byzantini
851 2659 866 2698 e
885 2639 947 2700 cod.
966 2639 1034 2697 Par.
1054 2639 1153 2714 suppl.

138 2747 181 2804 gr.
201 2730 263 2787 607
275 2719 319 2808 A)
343 2730 374 2785 et
397 2726 554 2803 descripsit
575 2727 662 2786 huius
685 2728 916 2805 programmatis
935 2748 963 2804 p.
983 2729 1038 2788 57:
1060 2747 1153 2785 mem-

136 2816 300 2875 branaceus
324 2818 369 2874 est
392 2817 502 2874 saeculi
525 2816 644 2892 decimi,
672 2836 688 2875 e
712 2816 837 2876 Graecia
864 2835 882 2874 a
904 2817 1035 2876 Minoide
1057 2817 1153 2892 Myna

137 2905 263 2978 allatus;
301 2904 433 2965 continet
470 2908 623 2980 excerpta,
659 2905 801 2966 historica
837 2907 980 2982 pleraque
1017 2909 1047 2962 et
1083 2924 1153 2982 geo-

138 2994 289 3070 graphica,
311 2993 414 3070 qualia
435 2996 501 3052 tum
519 2995 753 3070 Byzantinorum
771 2995 871 3054 studia
888 2994 1056 3054 movebant.
1093 3013 1153 3070 quo

137 3083 169 3140 in
197 3083 296 3144 codice
324 3083 466 3158 quoniam
493 3085 648 3143 auctorum
675 3083 810 3158 nomina,
838 3103 854 3142 e
881 3083 988 3159 quibus
1017 3083 1153 3158 singulae

137 3175 238 3248 partes
267 3172 327 3231 sint
353 3173 480 3248 petitae,
511 3192 572 3232 non
600 3173 776 3246 affenrntur,
806 3172 936 3248 primum
967 3171 1154 3248 inquiramus

137 3279 256 3320 necesse
280 3263 346 3340 est„
357 3261 535 3336 quibusnam
558 3261 728 3320 auctoribus
751 3261 915 3320 debeantur
936 3279 983 3319 res
1010 3260 1052 3318 ibi
1075 3278 1155 3319 com-

137 3352 329 3424 memoratae,
352 3369 466 3425 quaeve
490 3350 653 3426 exscriptae
677 3351 737 3410 sint
761 3370 794 3409 ex
819 3370 862 3424 eo,
885 3369 973 3427 quem
995 3348 1081 3408 unice
1105 3367 1155 3408 ou-

213 3537 265 3590 ¹v.
286 3536 367 3590 Hasii
386 3536 616 3592 commentarium
634 3556 661 3608 p.
681 3537 780 3591 LXXII
798 3554 839 3606 sq.
