2524 3984
185 196 298 251 LXXVI
594 195 800 251 PRAEFATIO

185 366 264 423 unde
292 383 362 423 vero
392 365 489 440 petita
519 365 592 439 sint,
623 364 704 423 haud
734 367 807 438 sui03
840 365 947 424 addere
975 369 1077 424 tumen
1104 366 1205 439 liceat,

188 454 319 513 eiusdem
349 453 464 513 falsarii
489 485 530 494 -
558 454 603 512 ita
633 454 712 512 enim
742 474 809 512 eum
839 454 1052 530 appellandum
1081 474 1139 514 esse
1167 455 1203 511 in

187 543 347 619 propatulo
371 545 422 602 est*
439 574 481 583 —
506 543 651 618 sequioris
674 544 783 602 aetatis
811 542 872 601 alia
895 562 1013 620 quoque
1035 545 1204 622 fragmenta

187 631 272 691 nobis
297 651 359 690 esse
382 631 503 690 tradita.
550 634 642 707 atque
665 631 742 689 illud
765 631 886 707 quidem
907 633 987 708 quod
1004 634 1036 691 in
1056 633 1157 692 codicis
1180 632 1201 689 S

186 722 266 780 notis
285 720 501 798 marginalibus
520 722 657 795 occurrit,
679 739 770 795 supra
792 740 821 796 p.
839 719 908 780 XLI
930 723 1068 796 tractavi,
1091 721 1204 780 accedit

188 813 290 868 aulem
312 809 411 868 brevis
441 809 589 885 quaedum
615 810 786 869 dissertatio
815 809 914 868 codice
937 810 1074 869 Parisino
1097 828 1202 888 graeco

189 900 274 958 2509
300 917 322 957 s.
341 897 397 956 XV
420 901 552 972 servata,
581 917 672 974 quum
698 899 754 957 hoc
781 898 846 958 loeo
874 899 988 975 publici
1010 900 1083 959 iuris
1105 900 1201 958 fucere

187 988 291 1060 liceat,
319 988 392 1062 quiu
415 986 613 1046 demonslrun'
641 1005 676 1045 ea
698 987 830 1062 videtur,
858 991 982 1047 exeunte
1009 988 1107 1048 medio
1129 1006 1201 1046 aevo

187 1076 279 1134 fuisso
308 1075 452 1150 aliquem,
481 1076 533 1151 qui
555 1074 633 1152 Lydi
656 1076 768 1134 auxilio
795 1077 878 1134 haud
901 1080 1001 1153 spreto
1026 1077 1143 1136 fabulas
1165 1075 1204 1134 de

188 1165 393 1222 Romanorum
416 1183 494 1224 anno
518 1165 639 1241 eiusque
663 1164 832 1224 nominibus
855 1167 1066 1242 composuerit:

256 1270 333 1329 Par.
358 1291 405 1347 gr.
428 1273 513 1330 2509
539 1271 558 1329 f.
581 1273 657 1330 171¹
682 1269 749 1352 περί
777 1279 880 1349 μηνῶν
907 1269 958 1332 καλ
979 1271 1077 1332 τιύθεν
1099 1269 1204 1350 ἔλαβον

187 1357 243 1437 τήν
265 1363 380 1436 κλήσιν.
1179 1379 1186 1396 ·

256 1446 288 1507 ἐκ
311 1447 458 1528 τεσσάρων
481 1456 571 1508 τινῶν
595 1448 762 1528 σύγκεινται
785 1449 815 1509 οί
837 1457 940 1527 μήνες·
965 1446 997 1508 έκ
1020 1454 1102 1510 θεῶν
1123 1446 1202 1525 ἕλλή·

186 1555 261 1615 νίων
284 1535 315 1634 θ’
344 1554 482 1636 Μάρτιος
504 1551 524 1632 ή
545 1547 688 1636 Ἀρεϊκός,
717 1551 757 1627 ῶς
780 1552 838 1616 ἀπὸ
861 1565 913 1616 τοῦ
929 1551 1053 1636 Ἄρεως,
1080 1555 1129 1616 καλ
1148 1549 1201 1614 Ἰα-

189 1644 328 1724 νουάριος
353 1640 392 1716 ῶς
417 1636 473 1724 (ῶς
495 1645 540 1703 bis
565 1645 708 1720 scriptum
731 1645 763 1702 in
782 1637 859 1726 cod.)
883 1641 942 1705 άιιδ
960 1653 1013 1704 τοῦ
1029 1638 1127 1705 Ἰανού
1144 1636 1202 1726 (ἴν-

187 1756 245 1793 νου
269 1727 346 1814 οοδ.)
374 1741 427 1793 τοῦ
455 1731 504 1792 καλ
526 1730 647 1813 Κρόνου
676 1729 798 1813 (κρόκου
822 1726 914 1815 κοιλ),
942 1729 975 1805 ὃς
1001 1737 1130 1794 καλεῖται
1154 1730 1202 1792 καλ

189 1820 319 1900 Κρόνιος
345 1817 365 1899 ή
393 1819 510 1901 χρόνιος
536 1819 586 1880 καλ
613 1826 754 1902 θυραῖος·
783 1814 822 1882 δι’
843 1821 936 1883 αὐτοῦ
963 1820 1019 1903 γάρ
1045 1821 1119 1882 κατά
1137 1814 1202 1881 Ῥω·

190 1911 297 1989 μαίους
320 1902 474 1991 (ῥωμαίων
497 1902 575 1992 eod.)
599 1909 695 1987 ῶσπερ
719 1908 777 1971 άπὸ
800 1910 899 1991 θύρας
921 1909 1077 1992 εἰσέρχεται
1099 1907 1115 1971 6
1138 1909 1202 1990 χρύ-

187 2040 250 2090 νος.
295 2015 327 2076 έκ
357 2014 501 2097 βασιλέων
528 2019 547 2096 β
554 2033 559 2044 ·
590 2009 712 2089 Ἰούλιος
741 2015 792 2076 καλ
818 2015 1002 2098 Αύγουστος·
1036 2015 1144 2098 λέγεται
1173 2013 1203 2076 δὲ

188 2104 261 2166 κατά
289 2098 451 2184 Ῥωμαίους
483 2102 498 2166 6
527 2098 650 2178 Ἰούλιος
680 2105 839 2178 Κυντίλιος
872 2103 1042 2184 (κεντίλλιος
1075 2099 1153 2188 cod.)
1184 2102 1202 2182 ή

188 2193 319 2274 πέμπτος
341 2192 400 2256 άττδ
424 2194 580 2275 Μαρτίου,
608 2192 624 2254 6
648 2191 679 2254 δὲ
702 2192 876 2275 Αύγονστος
899 2195 1048 2268 Σεξτίλιος
1070 2191 1091 2274 ἢ
1115 2193 1201 2266 ἕκτος.

188 2299 247 2362 ἀπὸ
271 2299 409 2380 ἀριθμῶν
428 2301 457 2361 δ·
481 2298 682 2382 Σεπτέμβριος
706 2298 832 2381 ἕβδομος
850 2300 941 2362 οἱονεί
958 2299 1121 2382 ἕττέβριος,
1140 2294 1202 2362 Ὀκ-

191 2389 315 2471 τώβριος
337 2386 358 2468 ή
381 2386 496 2470 άγδοος,
520 2388 689 2472 Νοέμβριος
711 2386 732 2468 ή
755 2389 887 2469 ἕννατος,
912 2387 1094 2471 Δεκέμβριος
1115 2387 1136 2468 ἢ
1159 2387 1203 2451 δέ·
1248 2393 1249 2418 λ

191 2500 286 2551 κατος.
319 2476 370 2538 καλ
383 2476 517 2559 τέσσαρες
531 2477 589 2540 άττδ
605 2477 770 2560 ἐνεργειῶν·
791 2471 938 2559 Ἀκρίλιος
957 2477 1104 2540 τουτέστιν
1123 2478 1203 2540 ἀνοι-

190 2567 324 2647 κτήριος,
361 2568 466 2640 Μάϊος
501 2564 521 2645 i)
560 2565 660 2648 μέγας·
698 2566 731 2629 ἕν
766 2567 846 2652 αύτῷ
882 2567 937 2649 γὰρ
974 2568 1006 2628 οί
1039 2578 1204 2649 μεγιστάνοι

190 2650 375 2737 (μεγιστάναι
398 2655 474 2734 cod.)
498 2655 549 2729 τὰς
571 2655 673 2738 ἑορτάς
695 2655 854 2730 ἐξετέλονν·
875 2650 1000 2730 Ἰούνιος
1022 2653 1042 2736 ή
1065 2654 1132 2728 νέος
1155 2656 1201 2717 διὰ

189 2745 222 2806 τὸ
245 2742 315 2806 νέον
337 2742 428 2826 θέρος
450 2742 471 2822 ή
495 2743 539 2805 ὅτι
561 2743 593 2806 έν
617 2744 696 2829 αύτῷ
720 2746 751 2806 οί
770 2743 832 2806 νέοι
854 2743 1002 2819 έξετέλουν
1020 2745 1073 2819 τὰς
1090 2744 1201 2827 ἑορτάς·

187 2832 239 2894 καλ
263 2833 479 2915 Φευρουάριος·
512 2830 528 2894 6
557 2834 645 2913 δηλοῖ
668 2833 699 2894 τὸ
727 2833 905 2914 καθάρσιον·
936 2833 969 2895 έν
996 2834 1075 2918 autu·
1098 2833 1155 2917 γὰρ
1178 2833 1205 2894 οἵ

190 2919 342 3002 μέλλοντες
375 2919 574 3002 έκστρατεύειν
608 2921 712 2983 ἔπινον
749 2923 899 3005 καθάρσια
934 2924 1203 3004 κροευτρειιίζοντες
1246 2973 1247 2988 τ

187 3010 322 3084 ἑαυτούς.

256 3097 324 3181 περί
345 3100 513 3160 Καλανδῶν
536 3099 586 3161 καλ
609 3099 728 3160 Νωνῶν
749 3098 799 3160 καί
821 3099 933 3162 Εἰδῶν.

259 3187 426 3269 ἐπειδήπερ,
450 3185 491 3262 ὡς
513 3188 645 3268 εἴπομεν,
668 3187 700 3248 ἐκ
718 3188 865 3270 τεσσάρων
884 3197 974 3249 τινῶν
992 3187 1046 3266 τήν
1065 3186 1202 3269 ἀφορμήν

189 3289 243 3358 τής
264 3277 394 3356 κλήσεως
417 3275 502 3357 έσχον
527 3278 558 3338 οί
579 3286 680 3357 μῆνες,
706 3276 737 3337 ἐκ
760 3282 852 3357 θεῶν,
878 3275 911 3338 έκ
934 3274 1093 3358 βασιλέων,
1120 3277 1202 3358 άριθ·

190 3376 256 3446 μῶν
278 3365 328 3427 καλ
351 3365 515 3447 ένεργειῶν,
539 3366 739 3447 διεμερίσαντο
762 3367 793 3427 οί
812 3365 931 3428 παλαιοὶ
954 3365 1005 3427 καλ
1026 3364 1078 3440 τὰς
1096 3364 1202 3448 ἡμέρας

189 3472 314 3534 ἑκάστου
338 3472 432 3552 μηνὸς
454 3473 496 3546 εἰς
518 3473 593 3553 τρία,
616 3471 667 3533 καλ
689 3471 828 3534 ἐκάλεσαν
846 3471 897 3547 τὰς
916 3469 969 3552 μὲν
988 3454 1019 3553 ιβ
1036 3473 1202 3548 Καλάνδας,

189 3560 243 3635 τάς
266 3559 297 3623 δέ
321 3561 471 3642 ῑΝώνας,
494 3561 545 3636 τάς
568 3559 600 3623 δὲ
621 3560 728 3641 ἕφεξής
746 3562 866 3636 Είδούς.
904 3559 1089 3643 ὡρμήθησαν
1113 3560 1145 3622 δέ
1167 3562 1203 3634 εἰς
