2524 3984
133 177 273 232 LXXXVI
537 177 743 232 PRAEFATIO

135 367 211 422 quae
235 347 309 406 adeo
333 348 503 405 contractae
527 349 606 420 sunt,
627 349 664 404 ut
681 346 714 403 in
732 345 778 404 his
797 345 982 423 singulorum
1000 344 1154 422 fragmen-
1256 349 1257 352 ’

133 439 233 496 torum
255 455 377 509 nerum,
406 435 505 512 qualis
527 435 679 512 quondam
701 435 805 509 fuerit,
832 434 973 493 resarcire
1000 437 1154 509 temptari·
1255 445 1257 508 l

135 525 214 584 tibus
246 524 462 600 desperandum
491 525 537 583 sit.
584 524 639 582 hoc
667 524 763 583 solum
795 542 971 600 cognoscere
1001 523 1085 598 licet,
1119 523 1154 581 in

135 614 262 691 singulis
291 612 442 672 mensibus
471 613 551 672 idem
580 614 642 671 fere
672 613 751 688 quod
779 611 885 672 Graeci
914 615 1023 672 vocant
1053 619 1154 690 σχῆμα

136 702 192 762 sibi
219 703 409 779 proposuisse
435 701 644 777 Laurentium,
670 704 790 776 praeter
816 701 893 760 illud
921 705 1022 760 autem
1049 719 1154 760 excur-

135 791 221 851 rendi
249 791 325 850 mori
355 791 443 850 nimis
472 790 638 850 indulsisse.
684 791 791 866 incipit
821 791 900 849 enim
928 790 1104 865 plerumque
1135 809 1155 848 a

132 880 260 955 nomine,
277 879 356 938 unde
375 880 471 938 dictus
490 881 530 939 sit
548 879 656 938 mensis
676 880 803 955 quisque
822 874 909 955 (ὅθεν
928 877 977 938 καὶ
994 877 1075 951 ὅπως
1094 877 1152 956 τὴν

132 967 334 1048 προσηγορίαν
353 967 451 1028 αὐτῶν
470 965 589 1040 ἕκαστος
607 967 710 1044 stippa
733 988 761 1044 p.
783 969 833 1044 18,
848 959 893 1049 4),
917 968 943 1026 si
960 969 1037 1028 forte
1057 986 1075 1025 a
1094 967 1153 1026 deo

134 1058 303 1133 appellatus
327 1062 386 1133 est,
415 1060 586 1116 tractantur
607 1057 689 1115 illius
716 1060 825 1115 natura
847 1057 969 1116 nomina
997 1057 1097 1134 signa,
1127 1057 1155 1116 si

136 1147 174 1205 ab
197 1146 385 1222 imperatore,
413 1165 460 1205 res
483 1145 520 1205 ab
545 1164 579 1204 eo
602 1148 712 1223 gestae,
759 1146 887 1204 alterum
910 1149 968 1221 est,
990 1148 1026 1204 ut
1048 1145 1154 1222 singu-

134 1236 232 1295 lorum
254 1236 399 1293 mensium
423 1255 458 1292 ex
481 1235 582 1294 ordine
606 1238 816 1294 enumerentur
838 1234 931 1294 feriae
954 1238 984 1293 et
1003 1234 1153 1292 describa-

137 1326 196 1400 tur,
219 1325 362 1401 quidnam
384 1324 471 1383 iniis
495 1323 650 1382 observare
670 1323 812 1383 Romanis
835 1324 926 1382 fuerit
944 1323 1068 1383 solitum
1086 1314 1155 1403 (uui

137 1411 211 1494 duco
233 1405 306 1472 καθ’
328 1409 448 1472 ἕκαστον
472 1411 570 1472 αὐτῶν
592 1417 654 1483 τοῖς
668 1405 822 1489 Ῥωμαίοις
843 1411 933 1472 πάλαι
951 1409 1153 1491 superemicu-

132 1524 181 1560 ται
208 1493 302 1583 ibid.).
348 1504 468 1577 praeter
497 1501 551 1560 has
581 1503 683 1559 autem
712 1501 785 1560 duas
815 1520 862 1560 res
893 1501 949 1559 sibi
980 1503 1153 1560 constantes
1256 1545 1257 1558 ,

132 1591 216 1650 nulla
244 1594 289 1650 est
318 1609 435 1665 norma,
463 1609 553 1666 quam
581 1593 724 1666 sequatur
747 1588 860 1666 Lydus,
888 1589 940 1648 sed
965 1590 997 1648 in
1024 1589 1153 1664 reliquis

133 1679 305 1739 ordinandis
341 1680 475 1738 Fortuna
511 1678 689 1737 dominatur.
744 1680 787 1737 sic
822 1678 910 1738 modo
947 1679 1155 1739 Romanorum

132 1787 228 1828 mores
246 1771 350 1827 narrat
367 1767 555 1841 Laurentius,
579 1787 706 1842 quorum
728 1768 801 1843 fata,
825 1767 850 1826 si
869 1768 932 1825 nlla
950 1767 1066 1827 ratione
1085 1766 1154 1826 fieri

133 1861 241 1934 potest,
259 1856 328 1915 inde
347 1876 365 1915 a
383 1856 565 1932 temporibus
584 1856 755 1914 fabularum
773 1875 866 1932 usque
881 1857 920 1915 ad
934 1875 1018 1915 suam
1037 1859 1153 1914 tractat

133 1950 279 2020 aetatem,
308 1945 422 2005 vocatis
452 1946 484 2003 in
514 1946 768 2020 comparationem
795 1946 979 2022 reliquarum
1006 1945 1153 2022 gentium,

132 2036 279 2112 imprimis
309 2035 461 2110 Lydorum
493 2034 685 2110 popularium
715 2052 836 2094 suorum
866 2034 1028 2108 institutis3
1060 2034 1152 2093 modo

134 2124 315 2184 Graecorum
337 2123 513 2200 religionem
535 2141 627 2180 unam
646 2125 676 2181 et
695 2123 822 2181 alteram
841 2123 971 2198 explicat
989 2122 1153 2181 secundum
1255 2153 1256 2204 3

133 2213 420 2290 mythographorum
456 2216 487 2270 et
522 2212 769 2287 philosophorum
805 2211 956 2271 doctrinas
992 2211 1153 2287 physicas3
1255 2207 1256 2212 ’

132 2301 221 2362 modo
249 2302 402 2361 occasione
430 2301 503 2359 data
531 2300 656 2376 pusillas
686 2301 832 2376 quasdam
860 2321 875 2359 e
901 2300 1062 2360 Caesarum
1085 2300 1152 2359 vita

134 2391 282 2467 depromit
305 2390 436 2465 fabulas,
463 2390 552 2448 modo
575 2389 725 2448 mirabilia
754 2390 856 2466 aliqua
880 2410 895 2448 e
918 2409 1018 2448 rerum
1039 2392 1153 2448 natura

133 2480 222 2556 petit,
251 2483 304 2538 aut
331 2479 447 2537 dierum
475 2478 707 2555 significationes
736 2479 963 2552 astronomicas,
993 2472 1153 2537 stellarum

134 2571 216 2628 ortus
248 2571 278 2627 et
306 2586 426 2627 occasus
454 2567 608 2644 coniungit
631 2586 698 2627 oum
720 2569 853 2626 tractatu
874 2567 1049 2644 philosopho
1078 2586 1149 2642 poe·

133 2661 235 2716 tarum
263 2657 418 2716 sententiis
447 2659 561 2715 ornate.
612 2655 695 2715 vides
721 2656 816 2733 igitur
843 2677 879 2714 ex
905 2657 966 2730 his,
992 2655 1153 2714 materiam
1254 2725 1255 2732 ἵ

133 2746 204 2804 libri
228 2747 327 2822 quarti
351 2746 386 2803 de
409 2745 559 2803 mensibus
582 2745 712 2819 Lydiani
740 2745 813 2804 adeo
841 2745 957 2804 variam
984 2745 1089 2819 fuisse,
1117 2746 1153 2802 ut

134 2835 244 2892 mirum
266 2853 326 2894 non
350 2835 402 2907 sit,
431 2833 510 2908 quod
537 2833 666 2909 plurima
688 2833 786 2909 perire
813 2834 895 2910 passi
918 2834 979 2893 sint
1006 2834 1152 2909 epitoma-

134 2927 228 2997 tores,
257 2942 384 3000 quorum
412 2922 505 2980 animi
528 2923 690 2981 secundum
717 2923 838 2982 illorum
860 2926 1029 2998 temporum
1052 2922 1152 2982 studia

135 3013 232 3091 magis
255 3012 367 3071 intenti
390 3012 475 3069 erant
493 3011 525 3068 in
548 3011 720 3087 sequiorum
738 3011 983 3088 philosophorum
1001 3012 1152 3070 doctrinas

136 3122 227 3178 quam
245 3103 277 3160 in
296 3101 498 3160 Romanorum
517 3099 737 3176 antiquitatem.
769 3100 831 3159 iam
849 3120 919 3160 vero
938 3120 1032 3158 unum
1051 3119 1151 3176 super-

135 3194 181 3250 est
207 3194 407 3265 momentum,
438 3208 496 3264 quo
527 3190 573 3248 usi
605 3192 749 3264 quantum
778 3188 964 3248 interciderit
993 3190 1152 3248 aestimare
1253 3259 1254 3264 ἵ

135 3280 292 3355 possimus.
340 3281 458 3338 servata
481 3278 561 3336 enim
585 3297 647 3337 esse
670 3278 858 3337 meminimus
881 3278 950 3336 libri
974 3277 1076 3353 quarti
1095 3278 1152 3336 duo
1253 3285 1254 3288 ’

136 3369 209 3427 folia
232 3369 349 3445 integra
373 3388 388 3426 e
413 3367 511 3427 codice
537 3366 691 3426 Oaseolino
715 3364 740 3426 O
765 3366 879 3442 avolsa,
903 3365 1010 3443 quibus
1033 3371 1153 3426 centum

138 3461 168 3516 et
199 3458 355 3534 sexaginta
385 3456 571 3532 complentur
600 3456 739 3516 editionis
770 3475 886 3531 versus3
917 3456 1025 3515 horum
1053 3459 1152 3514 autem

136 3566 190 3623 per
213 3549 418 3622 excerptorum
441 3545 554 3605 codices
582 3544 742 3604 traduntur
768 3545 876 3623 viginti
900 3545 1017 3604 circiter
1040 3548 1071 3604 et
1094 3563 1153 3617 sex,
