2556 3996
457 173 566 228 LIBER
584 171 720 228 PRIMUS
1079 175 1097 238 7

91 334 278 422 ’Λφροδίτης
295 338 370 421 ἤτοι
388 345 446 421 τῆς
463 345 533 419 γῆς.
570 335 713 424 ὕστερον
731 334 768 403 δὲ
786 340 908 424 ἤρισαν
927 339 960 403 οἱ
977 338 1138 404 ΓάλλοιΡ

94 442 164 529 περὶ
186 444 366 529 ὁμοτιμίας,
388 441 443 509 καὶ
465 443 653 530 προσετέθη
676 445 714 510 τὸ
737 442 873 528 βένετον
896 445 952 510 διά
975 445 1012 509 τὸ
1032 468 1100 510 τοι·

94 551 188 616 ούτου
209 552 380 637 χρώματος
402 546 489 616 εἶναι
512 553 552 616 τδι
576 552 689 636 ἱμάτια
711 551 833 635 αὐτῶν,
856 553 904 627 είς
921 552 1020 635 τιμὴν
1038 560 1099 616 τοῦ

93 660 221 743 Κρόνου
242 657 263 742 ἣ
286 661 415 742 μᾶλλον
437 666 497 723 τοῦ
521 659 744 735 Ποσειδῶνος.
788 660 922 744 χρόνοις
945 654 983 722 δὲ
1005 657 1099 723 όστε-
1248 721 1249 724 ,

93 787 150 848 ρον
176 766 301 841 ἱκανοῖς
329 768 481 850 Σεβῆρος
510 764 527 830 ὁ
551 767 708 849 βασιλεὺς
730 763 899 850 Ῥωμαίων
925 765 1008 830 κατὰ
1034 768 1099 829 Νί-
1126 789 1138 828 ι

92 893 181 956 γερος
209 871 447 957 ἐκστρατεύσας
476 869 531 935 καὶ
560 873 608 948 είς
637 872 674 937 τὸ
701 872 887 950 Βυζάντιον
915 873 1100 957 παραγενό·

91 1000 192 1062 μενος,
213 979 275 1061 τὴν
293 987 359 1043 νῦν
376 981 637 1044 Κωνσταντίνου
655 980 756 1044 πόλιν
778 976 834 1043 καλ
857 979 1013 1063 βασιλίδα
1032 989 1100 1043 τῶν

89 1087 212 1151 πόλεων
234 1085 387 1168 ἀπασῶν,
409 1088 508 1164 κτιζει
531 1081 593 1169 μὲν
620 1084 724 1151 ἐκεῖσε
748 1086 864 1150 διὰτὸ
887 1094 946 1169 τῆς
972 1086 1101 1161 πόλεως

91 1189 253 1278 ἐπιτερπὲς
267 1192 412 1278 λουτρὸν
430 1189 652 1276 παμμέγεθες·
672 1191 781 1278 εὑρὼν
798 1188 837 1256 δὲ
852 1191 982 1257 καὶτὸν
994 1213 1101 1276 παρα-

90 1302 235 1383 κείμενον
263 1302 368 1365 τόπον
394 1309 464 1374 τοῖς
487 1300 689 1384 Διοσκόροις
716 1298 934 1384 ἀνακείμενον
967 1298 1100 1383 ἐποίησε
1114 1322 1140 1362 10

91 1414 203 1472 τοῦτον
232 1407 470 1492 ἱπποδρόμιον,
504 1407 624 1492 ἰκρίοις
651 1403 707 1471 καλ
735 1416 848 1481 στοαῖς
875 1406 1100 1490 διακοσμήσας

92 1511 196 1597 αὐτόν,
218 1511 274 1578 καὶ
294 1514 395 1590 άλσος
415 1511 557 1591 ἐκκόψας
579 1513 642 1578 δύο
661 1523 765 1579 τινῶν
788 1511 945 1596 ἀδελφῶν
966 1513 1099 1578 ὑποκεί-
1223 1539 1228 1548 ·

90 1641 186 1701 μενον
203 1619 378 1706 δεσποτεία
395 1617 451 1685 καλ
470 1621 517 1700 είς
535 1620 572 1684 τὸ
591 1629 657 1684 νῦν
675 1619 848 1705 ὁρώμενον
865 1620 986 1696 κάλλος
999 1629 1098 1685 τοῦτο

89 1727 285 1809 μεταγαγών.
331 1726 382 1792 ότι
410 1724 562 1810 Ῥωμαῖοι
597 1727 639 1791 τά
676 1727 793 1808 διῖυγα
825 1726 954 1811 ἅρματα
985 1730 1206 1811 βίχαςθεᾱιειι.

89 1830 234 1917 ἐκάλουν,
258 1831 291 1910 ἐξ
315 1827 363 1898 ὧν
385 1831 441 1897 καὶ
464 1833 621 1918 βινάριοι.
1113 1863 1139 1901 15

42 1943 104 2014 ΙῖιΙ,
114 1954 145 2002 13
183 1939 233 2003 13.
264 1940 418 2016 Πλεύσας
441 1936 572 2004 ἐκεῖθεν
595 1941 732 2016 Αἰνείας
759 1941 841 2024 μετὰ
867 1941 993 2016 πολλάς
1021 1941 1140 2018 ὅσαςΧ

87 2047 209 2124 πλάνας
232 2048 406 2129 κατάνεται
430 2045 468 2110 ἐν
489 2048 584 2112 πόλει
602 2055 660 2130 τῆς
673 2044 813 2122 Ἰταλίας
832 2044 994 2131 λεγομένῃ
1010 2050 1100 2111 Λαυ-

88 2156 206 2240 ρεντία,
233 2153 276 2236 ἣν
298 2151 353 2218 καὶ
372 2150 533 2236 Ὀππικήν
556 2169 661 2238 φασιν
683 2153 919 2237 ὀνομασθῆναί
942 2172 1037 2236 ποτε,
1066 2151 1099 2231 ἐξ

86 2253 122 2341 ἦς
147 2258 203 2325 καὶ
226 2260 426 2342 ὀππικίζειν,
454 2257 509 2324 καὶ
533 2259 577 2335 ὡς
604 2260 641 2324 τὸ
669 2264 815 2343 πλῆθος,
843 2259 1034 2343 όφφικίζειν
1060 2261 1098 2324 τὸ

86 2367 295 2453 βαρβαρίζειν
312 2364 433 2431 Ἰταλοὶ
456 2364 622 2448 λέγουσιν.
659 2360 730 2430 εἶτα
749 2365 1016 2450 ἐπιγαμβρεύσας
1031 2370 1098 2431 Λα-
1112 2389 1138 2428 ιο

85 2475 162 2559 τίνῳ
186 2474 398 2557 βασιλεύοντι
422 2481 480 2556 τῆς
502 2474 611 2558 χώρας
634 2473 735 2550 αὐτός
757 2496 793 2538 τε
811 2473 1011 2557 βασιλεύσας
1029 2497 1099 2560 τρι-

84 2576 137 2643 σὶν
165 2579 330 2656 ἐνιαυτοῖς
361 2586 493 2664 οίχεται.
539 2580 710 2645 τοσούτων
737 2575 800 2645 οὖν
828 2579 1099 2658 ἐπιξενωθέντοιν

84 2694 139 2768 τῆς
152 2683 302 2769 Ἰταλίας,
322 2687 431 2771 ὥσπερ
451 2685 597 2770 ἐδείχθη,
618 2689 785 2762 Λατίνους
802 2681 865 2770 μέν
882 2688 961 2763 τοὺς
980 2685 1203 2754 ἐπι-Χθεάιειι.

84 2793 316 2877 χωριάζοντας,
341 2795 507 2878 Γραικοὺς
530 2788 567 2857 δέ
590 2795 669 2868 τοὺς
693 2790 922 2876 ἕλληνιῖοντας
946 2793 1098 2877 ἐκάλουν,

84 2897 147 2963 άπὸ
167 2902 315 2964 Λατίνου
333 2908 393 2964 τοῦ
412 2900 487 2985 άρτι
505 2899 587 2983 ἡμῖν
605 2897 768 2984 ῥηθέντος
785 2897 841 2964 καὶ
856 2903 1013 2985 Γραικοῦ,
1032 2909 1138 2965 τῶνΧ

83 3004 248 3089 ἀδελφῶν,
273 3006 318 3082 ὥς
340 3023 443 3090 φησιν
461 3005 618 3082 Ἡσίοδος
640 3004 677 3070 ἐν
700 3007 920 3089 Καταλόγοις·
1113 3029 1138 3068 ιι

154 3286 178 3322 v.
199 3274 233 3322 14
252 3265 295 3323 ότι
305 3266 436 3338 Ῥωμαῖοι
447 3301 480 3308 -
496 3274 530 3324 15
544 3266 667 3340 βιχάριοι
682 3267 756 3322 Geor
777 3311 783 3322 .
799 3267 912 3323 Cedren.
927 3267 993 3322 hist.
1008 3284 1097 3337 comp.
1182 3303 1185 3310 ·

101 3345 203 3409 .299‚s
222 3339 310 3394 Bonn.
403 3346 435 3396 17
459 3339 563 3411 κατάηε
579 3341 607 3393 Β
693 3346 726 3394 19
751 3286 886 3404 ἀπικίζειν
904 3340 932 3393 A
1017 3344 1052 3394 20
1071 3339 1098 3395 οἱ

87 3411 181 3466 Ιταλολ
200 3411 228 3463 Β
248 3413 252 3481 Ι
274 3407 345 3483 εἶτα]
365 3407 390 3465 ελ
408 3412 435 3464 A
521 3417 554 3465 23
574 3409 712 3473 Λατίνους
734 3411 800 3474 τοὺς
822 3409 1098 3480 ἐπιχαριάζοντας-

83 3489 116 3536 24
141 3478 331 3552 ἑλληνίζοντας
357 3485 489 3537 καλοῦσιν
517 3482 617 3553 Georg.
641 3482 757 3538 Cedren.
779 3480 844 3536 hist.
869 3498 958 3552 comp.
977 3501 1004 3552 p.
1020 3489 1099 3552 299,ι

82 3554 162 3609 Bonn
191 3556 196 3623 Ι
218 3550 333 3625 ἐδείχθη
353 3555 449 3616 αὐτοῖς
467 3553 596 3618 λατίνονς
614 3555 646 3608 Χ
716 3560 751 3608 24
770 3553 884 3625 ηραικδς
901 3556 929 3608 A
