2530 3988
334 209 443 262 LIBER
461 207 639 274 QUARTUS.
667 209 792 265 IUNIUS
1009 211 1074 276 139

67 377 193 438 καλοῦσι
217 409 260 418 -
284 371 468 456 ὁμωνύμως
490 371 618 456 ἐκείνης
636 371 770 439 Ἑστίαν
797 368 899 458 εἶναι,
928 373 1015 457 λέγει
1039 370 1110 440 ῥλὸ

67 477 158 544 οὕτω·
190 477 262 544 ’καὶ
294 478 331 543 τὸ
364 474 427 563 μὲν
455 478 656 564 ἡγεμονικὸν
685 489 743 564 τῆς
773 483 870 557 θείας
903 481 1074 564 δυνάμεως

63 583 163 650 Ἑστία
193 583 366 670 κέκληται,
402 580 442 669 ἧς
478 587 609 671 άγαλμα
639 586 848 672 παρθενικὸν
879 583 933 670 ἐφ’
967 584 1075 663 ἑστίας

65 692 202 778 ἵδρυται·
233 689 312 758 καθ’
340 691 357 758 ὃ
390 687 428 757 δέ
454 694 593 777 γόνιμος
619 691 640 775 ἡ
671 693 822 776 δύναμις,
853 695 1074 777 σημαίνουσιν

65 798 161 883 αὐτὴν
182 799 342 882 γυναικὸς
363 800 446 864 είρει
468 798 682 885 προμάστου.’
728 800 761 864 οί
785 794 822 864 (λλ
840 798 1007 885 Ῥωμαίων
1031 800 1075 864 λε·
1102 823 1115 864 ε

64 908 220 991 ροφάνται
244 901 345 971 οὐδὲν
364 903 480 990 ἕτερον
498 906 679 988 βούλονται
698 899 784 969 εἶναι
803 904 909 989 αὐτὴν
927 904 947 989 ἢ
966 908 1075 990 μόνην

63 1013 118 1095 τὴν
138 1022 211 1098 γῆν.

24 1125 125 1184 λιΝεο
148 1118 202 1184 95.
226 1119 301 1204 Πρὸ
324 1127 385 1183 τοῦ
407 1118 554 1201 μεγάλου
576 1122 809 1202 κατακλυσμοῦ
833 1119 895 1202 τὴν
914 1121 1115 1184 ΣικελίανΧ

62 1227 100 1308 μὴ
122 1235 228 1309 νῆσον
250 1218 340 1290 εἶναί
360 1242 466 1308 φασιν
488 1224 533 1300 ὡς
555 1226 702 1310 σήμερον
725 1222 796 1290 ἀλλ’
820 1226 961 1311 ἤπειρον
983 1224 1075 1308 γενέ-

62 1338 137 1396 σθαι
161 1329 377 1415 συνημμένην
399 1339 438 1416 τῇ
460 1329 603 1415 ὕστερον
621 1327 755 1418 Ἰταλίᾳ,
778 1329 814 1395 ἐκ
832 1326 870 1395 δὲ
888 1339 946 1415 τῆς
964 1340 1072 1418 φορᾶς
1087 1355 1114 1395 ιο

61 1448 123 1504 τῶν
146 1437 182 1502 ἐκ
204 1445 263 1522 τῆς
286 1437 486 1513 ἐπικλύσεως
509 1436 684 1522 ῥευμάτων
710 1448 779 1502 τῶν
804 1436 904 1522 ῥιζῶν
927 1436 1094 1502 άποσπα-Υ

61 1551 198 1610 σθελσαν
219 1553 325 1628 νῆσον
351 1541 631 1627 ἀποκαταστῆναι,
658 1541 714 1607 καὶ
743 1544 799 1608 διὰ
826 1552 924 1608 τοῦτο
944 1541 1076 1626 Ῥήγιον

61 1649 121 1716 άπὸ
145 1659 204 1735 τῆς
226 1649 350 1736 ῥήξεως
372 1649 604 1733 ὀνομασθῆναι
627 1649 665 1714 τὸ
688 1651 836 1735 πλευρὸν
858 1658 916 1734 τῆς
933 1647 1075 1726 Ἰταλίας

60 1755 174 1841 ἐκεῖνο,
197 1755 230 1835 ἐξ
255 1751 358 1842 οὗπερ
381 1753 561 1842 άπέρρωγε.
597 1757 761 1842 πρότερον
785 1752 822 1821 δέ
841 1759 987 1821 Σικανία
1006 1754 1075 1823 έλέ-

59 1887 131 1946 γετο
159 1864 181 1948 ἡ
205 1865 352 1929 Σικελία.
397 1860 560 1946 ἡἸταλία
586 1861 684 1928 ἐννέα
711 1861 868 1949 ἐπαρχίας
895 1865 970 1948 ἔσχε
996 1863 1075 1928 ταύ-
1090 1887 1116 1929 ιι

59 1991 127 2048 τας·
150 1974 354 2056 Καμπανίαν
372 1967 553 2036 Ἀπουλίαν
578 1973 749 2035 Θουσκίαν
768 1973 966 2055 Καλαβρίαν
986 1969 1076 2054 Ούμ-

59 2080 157 2164 βρίαν
179 2081 377 2163 Δαλματίαν
400 2080 594 2143 Λουκανίαν
616 2079 780 2163 Βρεττίαν
803 2079 970 2142 Σικελίαν.

17 2197 43 2247 σο
123 2185 176 2251 96.
199 2185 376 2270 ....πρὸς
400 2186 577 2269 Προυσίαν
599 2191 658 2267 τῆς
680 2186 848 2258 Βιθυνίας
871 2181 1017 2266 βασιλέα.

17 2304 43 2354 61
125 2291 178 2356 97.
202 2292 302 2376 Παρὰ
320 2301 391 2367 τοῖς
410 2292 661 2375 Πυθαγορείοις
678 2287 700 2372 ἡ
719 2289 802 2364 ῥοάς
820 2288 865 2364 ὡς
882 2287 982 2355 θέσιν
1000 2291 1076 2354 τινά

58 2395 112 2462 καὶ
136 2396 326 2483 ἐπιβάθραν
348 2403 394 2484 τῷ
413 2395 547 2482 ἀριθμῷ
566 2394 729 2461 ἐπιδοῦσα
747 2393 899 2478 ἐλευσίνη
918 2401 1076 2480 καλεῖται,
1090 2421 1117 2461 εο

59 2504 102 2581 ὡς
124 2502 324 2589 προέλευσιν
352 2499 406 2567 ἐπὶ
432 2503 470 2567 τὸ
498 2508 616 2568 πλεῖον
637 2499 693 2567 καὶ
716 2503 855 2588 ἄπειρον
877 2499 1076 2587 παρέχουσα.

17 2618 128 2676 deesth
152 2611 204 2675 98.
226 2608 297 2674 Ὅτι
320 2609 514 2692 ὁΕύὸημύς
538 2625 652 2693 φησιν,
676 2606 714 2673 ἐν
736 2604 881 2684 Πέλταις
903 2617 961 2692 τῆς
986 2613 1110 2696 &pv-S

58 2720 133 2800 γίας
156 2719 258 2782 λίθον
280 2712 440 2798 γενέσθαι
461 2710 541 2780 ποτέ
563 2715 777 2800 τετράπειλον,
800 2713 841 2779 ὃν
860 2715 900 2799 δὴ
919 2720 1077 2801 νηνεμίας

59 2825 161 2908 ούσης
192 2825 272 2898 τοὺς
305 2822 474 2907 γεωργούς
509 2818 734 2896 ὑποτιθέντας
769 2818 852 2897 ξύλα
889 2823 1077 2907 στρογγύλα

59 2929 203 3016 ἐξαίρειν
226 2926 282 2993 καὶ
310 2925 453 3012 άνέμους
479 2937 605 2992 ποιεῖν·
634 2924 686 3010 ἐφ’
710 2925 791 2991 ὅσον
815 2924 845 2990 (λ’
869 2925 912 2992 άν
934 2925 1076 3015 ἐξῃρέθη
1091 2951 1117 2993 εε

59 3037 76 3103 ὁ
101 3039 210 3120 λίθος,
234 3033 288 3101 ἐπλ
310 3044 450 3100 τοσοῦτο
474 3035 516 3118 δὴ
539 3035 681 3120 ἰσχυρῶς
699 3030 888 3098 άνατείνειν
905 3036 985 3111 τοὺς
1003 3033 1077 3100 άνέ-
1241 3039 1242 3050 ’

131 3266 156 3302 v.
171 3253 205 3301 22
224 3245 366 3300 Eudemus
386 3245 420 3300 cf.
439 3243 567 3318 FHG211
583 3263 611 3314 p.
627 3249 677 3298 20·

131 3461 156 3497 v.
173 3447 207 3496 14
227 3438 369 3509 άπέρρωσε
388 3440 416 3493 Β
508 3444 540 3492 15
559 3435 695 3509 ἐπαρχίας
718 3436 796 3492 omis,
816 3437 845 3491 Β
935 3444 968 3492 16
988 3439 1078 3494 άπον·

59 3514 143 3582 λήϊαν
161 3513 189 3567 Α
212 3514 217 3581 Ι
239 3508 383 3583 θυμβρίαν
402 3511 440 3580 Χ,
460 3507 598 3581 υύμβρίαυ
616 3526 685 3564 corr.
700 3509 727 3563 A
800 3513 834 3562 1⁷
853 3506 1020 3580 βρεττανίαν
1039 3510 1078 3580 Χ,

60 3585 138 3655 quod
156 3582 264 3639 correxi
336 3588 369 3637 18
388 3579 525 3636 πλουσίαν
543 3581 572 3634 Β
