2524 3984
505 203 710 258 PRAEFATIO
1049 205 1114 260 XIII

102 390 179 448 qnae
195 369 316 430 Caesari
329 371 468 448 Augusto
484 372 602 432 Tiberio
616 370 729 432 Neroni
742 372 927 448 Vespasiano
945 373 1120 434 DomitIano

103 461 168 520 aliis
197 463 360 520 evenerimt
391 479 484 536 usquc
512 461 552 520 ad
577 481 606 536 p.
631 462 748 536 32‚28:
784 458 834 521 καὶ
865 454 950 522 sIrrov
981 459 1020 522 ἂν
1047 460 1120 523 ἅλλα

103 546 269 610 ...uit
294 597 299 608 .
328 594 335 608 .
362 548 485 629 Κύρου
522 549 735 628 μνησθήσομαι
771 547 821 610 καὶ
854 541 1036 628 Ῥωμύλου.
1075 585 1117 594 --

102 659 132 714 p.
156 640 238 714 33,1
262 636 329 718 περὶ
351 637 472 718 Κύρου
496 672 538 680 -
561 659 590 714 p.
615 640 719 714 36,10
747 636 813 719 περὶ
836 633 949 717 Ῥώμου
972 637 1021 699 καὶ
1040 635 1118 700 Ῥω-

101 726 222 804 μύλου.
252 759 295 768 -
322 748 350 803 p.
381 729 490 802 37‚30
522 726 588 808 περὶ
615 722 752 807 Ἀράβαν
784 728 954 805 μαντείας
986 728 1118 788 ciusdem

99 817 161 876 fere
176 817 347 892 argumenti
362 820 407 876 est
420 817 503 876 cuius
516 817 722 894 paragraphus
742 817 778 876 de
792 817 961 878 Varnorum
975 818 1117 895 auguriis.

165 905 234 964 Iam
251 924 321 966 vero
336 905 431 964 orttur
445 907 592 981 quaestio,
614 906 754 981 quisnam
772 906 862 964 huius
881 906 987 982 eapitIs
1007 899 1050 988 (p.
1066 909 1118 983 25,

102 995 143 1052 25
160 1025 202 1038 —
217 1014 246 1070 p.
267 994 323 1069 38,
343 990 399 1071 21)
423 997 527 1054 auctor
549 995 653 1054 fuerIt:
681 995 733 1054 sed
760 995 815 1056 hoc
838 995 923 1054 nobis
946 996 1048 1072 inopia
1071 1015 1116 1056 ar·

101 1086 312 1160 gumentorum
330 1083 441 1142 coactis
454 1083 487 1142 in
504 1083 602 1144 medio
620 1084 849 1159 relinquendum
866 1103 928 1143 esse
947 1088 1030 1160 puto,
1048 1104 1118 1144 nam

99 1191 137 1231 ne
159 1191 228 1230 eam
250 1171 379 1247 quidem,
402 1191 481 1247 quae
498 1174 633 1248 proxima
657 1176 703 1232 est
720 1174 900 1248 coniectura,
923 1174 1119 1250 composItum

100 1261 176 1320 illud
209 1279 274 1320 esse
306 1261 343 1320 ab
375 1262 440 1336 ipso
473 1262 580 1322 codicis
615 1262 712 1322 nostri
742 1262 881 1336 librario,
913 1263 1117 1322 deficientibus

101 1350 284 1427 argumentis
308 1353 362 1408 aut
384 1350 509 1426 probare
532 1355 587 1410 aut
609 1351 741 1410 refutare
767 1369 932 1427 possumus.
978 1345 1010 1412 at
1033 1353 1059 1412 si
1081 1351 1117 1410 de

100 1439 235 1499 fontibus
258 1439 430 1515 quaeritur,
453 1459 469 1497 e
492 1440 599 1516 quibus
620 1440 730 1500 hausta
753 1440 814 1498 sint
837 1459 884 1515 ea,
915 1459 992 1516 quae
1015 1441 1047 1499 in
1070 1460 1117 1500 co·

100 1528 163 1588 dice
187 1529 215 1586 R
238 1528 430 1604 proferuntur
453 1529 488 1585 de
513 1531 699 1588 ostentorum
717 1528 748 1587 vi
767 1532 857 1604 atque
873 1532 990 1604 natura,
1014 1530 1118 1588 statim

99 1616 258 1676 incidimus
281 1616 313 1675 in
336 1616 546 1692 suspicionem,
568 1617 660 1676 fuisse
683 1617 762 1677 inter
784 1618 853 1678 iIIos
875 1618 1017 1676 Ioannem
1039 1616 1117 1676 Lau·

5 1719 10 1728 “
98 1699 251 1766 rentiuml
273 1706 396 1781 eiusque
416 1705 526 1765 librum
548 1706 584 1764 de
608 1706 732 1766 ostentis
755 1706 842 1766 initio
861 1707 948 1766 hodie
964 1707 1118 1766 mutilum:

98 1795 169 1854 huic
197 1794 278 1854 cnim
306 1795 417 1870 optime
440 1795 579 1854 convenit
600 1795 753 1856 distinctio
774 1796 829 1854 IIIa
857 1796 936 1854 inter
958 1801 1065 1874 σημεῖα
1088 1800 1117 1855 et

97 1881 202 1961 τέρατα
233 1883 314 1943 facta
337 1875 432 1963 (Treu
454 1904 482 1960 p.
507 1885 601 1959 28‚4;
630 1884 666 1942 cf.
689 1884 763 1960 Lyd.
792 1885 828 1944 de
857 1888 911 1945 ost.
934 1905 963 1960 p.
988 1887 1047 1961 3,5
1072 1885 1116 1944 ed.

1 1965 2 1970 ’
99 1969 276 2050 Wachsm.),
298 1993 394 2048 neque
413 1972 552 2032 abhorret
571 1974 608 2032 ab
627 1973 682 2031 hac
705 1974 876 2033 coniectura
899 1975 947 2032 vel
970 1974 1117 2034 scribendi

97 2061 250 2122 ratio.ch
272 2061 404 2121 delectus
432 2066 587 2123 auctorum
614 2062 829 2138 adhibItorum,
861 2081 991 2138 quorum
1018 2081 1116 2122 reeen-

98 2149 235 2210 tissimus
267 2152 297 2208 ct
328 2151 504 2227 Procopius,
544 2171 634 2228 quern
666 2155 779 2227 septem
810 2151 923 2227 priores
957 2146 1116 2230 Ἱστορικοῦ

98 2239 190 2300 Iibros
223 2258 302 2300 anno
336 2241 400 2300 550
432 2241 480 2300 vel
507 2242 568 2300 551
602 2241 715 2316 pubfici
746 2239 821 2300 iuris
853 2240 957 2299 fecisse
989 2232 1118 2300 scimus²

98 2329 245 2404 cuiusque
269 2329 410 2389 notitiam
439 2332 518 2389 certe
547 2329 654 2388 habuit
682 2329 875 2403 Laurentius,
905 2330 960 2405 qui
986 2330 1055 2388 inde
1078 2329 1116 2388 ab

98 2436 178 2476 anno
194 2418 257 2476 552
282 2417 392 2477 fitteris
415 2437 446 2480 se
469 2411 574 2478 dediti
605 2419 656 2478 sed
679 2421 748 2476 utut
769 2418 842 2476 haec
865 2437 896 2477 se
919 2418 1038 2494 habent,
1060 2419 1116 2477 hoc

1 2507 2 2516 ’
99 2505 250 2565 affirmare
269 2506 380 2582 licebit,
398 2509 549 2568 auctorem
569 2507 677 2566 codicis
695 2507 730 2582 R,
754 2507 779 2566 si
798 2507 917 2567 omnino
937 2526 1012 2583 opus
1026 2505 1116 2583 Lydi-

98 2614 192 2654 annm
211 2594 288 2656 adiit
306 2595 418 2656 adhoc
440 2599 533 2672 caput
550 2595 803 2672 conscribendum,
824 2596 987 2672 inspexisse
1006 2597 1117 2656 librum

98 2684 136 2742 de
159 2683 294 2760 ostentis,
317 2703 377 2744 non
398 2703 469 2744 vere
493 2684 528 2742 de
551 2685 711 2744 mensibus.

166 2771 227 2832 seo
257 2774 320 2832 iam
351 2776 536 2832 mansecmus
568 2774 606 2832 ad
638 2774 738 2849 capita
769 2773 900 2849 primum
932 2778 962 2833 ct
992 2775 1117 2834 tertium

98 2862 208 2922 codicis
231 2861 371 2936 Parisini,
393 2881 521 2939 quorum
542 2863 746 2939 paragraphos
769 2863 930 2922 secundum
949 2863 1075 2938 litterae,
1098 2883 1116 2923 a

99 2951 210 3026 quibus
241 2950 390 3026 incipiunt
420 2951 516 3026 tituli,
547 2950 707 3028 disposItas
740 2970 803 3010 esse
836 2951 972 3012 dirimas.
1025 2956 1116 3027 atque

97 3039 225 3098 tertium
261 3039 383 3116 quidem
423 3043 514 3117 caput
549 3040 645 3099 tribus
686 3041 875 3116 componitur
910 3040 1116 3118 paragraphie,

99 3147 229 3203 quarum
253 3148 329 3204 quae
351 3129 522 3188 inscribitur
551 3126 618 3207 περὶ
646 3131 821 3209 Βρεττανίας
848 3150 863 3187 e
887 3129 988 3190 Cassio
1018 3128 1115 3188 Dione

96 3217 197 3293 petita
228 3221 287 3294 est,
317 3219 451 3293 reliquae
483 3219 560 3277 duae
589 3219 734 3294 Procopio
767 3218 911 3278 debentur
919 3211 941 3294 ⁴,
972 3218 1054 3276 nullo
1081 3220 1116 3276 ut

177 3367 239 3422 ¹cf.
258 3367 456 3424 Wochenschr.
475 3369 494 3423 f.
514 3369 595 3424 class.
614 3369 686 3425 Phil.
708 3375 776 3425 1898
794 3389 821 3441 p.
842 3376 901 3424 342.

176 3437 397 3494 ’Krumbacher
415 3439 513 3495 Gesch.
533 3440 559 3495 d.
579 3442 641 3509 byn.
660 3441 752 3497 Lito·
769 3460 796 3512 p.
816 3448 877 3496 231.

177 3508 306 3563 ⁸Hasiue
325 3527 423 3566 comm.
442 3530 469 3582 p.
488 3512 561 3567 VIII.

177 3579 187 3610 ⁴
204 3580 276 3635 Trou
294 3600 321 3652 p.
340 3586 384 3636 58.
