2530 3988
339 185 448 240 LIBER
467 185 644 250 QUARTUS.
673 187 814 242 APRILIS
1023 187 1086 262 125

77 349 246 434 ἀναλαβών
265 387 307 396 -
327 352 464 417 λίτουον
483 347 512 414 δ’
536 349 641 434 αὐτὴν
658 353 804 436 πατρίως
818 348 987 434 Ῥωμαίοις
1005 353 1086 426 έθος
1101 360 1126 414 X

79 461 183 526 καλεῖν
213 455 279 525 άπὸ
312 463 369 540 τῆς
400 461 493 540 λιτῆς
517 494 559 504 -
583 455 769 541 ἐξεφώνησε
802 457 838 522 τὸ
871 466 928 540 τῆς
959 459 1086 532 πόλεως

77 563 187 647 δνρμα,
208 563 316 646 πάσης
341 564 505 648 ἱερατικῆς
528 568 659 647 τελετῆς
680 563 895 648 ἡγησάμενος.
941 562 1087 646 ὀνόματα

78 665 112 736 δὲ
128 678 165 755 τῇ
184 671 281 734 πόλει
299 672 384 752 τρία,
405 669 593 735 τελεστικὸν
612 671 778 755 ἱερατικὸν
795 671 981 735 πολιτικόν·
999 674 1087 737 τελε-

75 776 185 841 στικὸν
205 771 268 860 μὲν
287 773 391 842 οἱονεὶ
406 773 523 862 Ἔρως,
547 777 630 844 ὥστε
647 777 773 853 πάντας
791 779 889 861 ἐρωτι
907 778 991 862 θείῳ
1010 773 1086 861 περὶ
1115 801 1126 841 5

75 883 132 964 τὴν
146 885 248 948 πόλιν
265 881 473 968 κατέχεσθαι,
497 884 550 950 διὸ
569 881 624 948 καὶ
638 880 863 968 Ἀμαρυλλίδα
880 884 942 966 τὴν
955 881 1086 948 πόλινδ

74 990 207 1072 ποιητὴς
238 990 489 1074 αἰνιγματωδῶς
520 991 746 1073 βουκολιάζων
777 995 885 1056 καλεῖ·
910 989 1088 1074 ,ἱερατικὸν

74 1091 108 1159 δὲ
133 1099 257 1180 Φλῶρα
281 1094 388 1162 οἱονεὶ
417 1098 586 1180 άνθουσα,
614 1097 698 1167 ὅθεν
719 1099 802 1170 κατὰ
830 1099 955 1182 ταύτην
977 1095 997 1179 ἡ
1021 1106 1088 1162 τῶν

72 1205 313 1287 Ανθεστηρίων
336 1201 446 1289 ἑορτή·
474 1205 648 1270 πολιτικὸν
670 1199 708 1270 δέ
727 1203 840 1289 Ῥῶμα.
884 1201 940 1270 καὶ
965 1205 1003 1269 τὸ
1026 1199 1113 1296 μὲν

73 1309 237 1393 ἱερατικὸν
259 1318 362 1375 πᾶσιν
384 1304 427 1392 ἦν
450 1311 555 1392 δῆλον
576 1307 632 1376 καὶ
655 1308 760 1386 άδεῶς
784 1307 966 1394 ἐξεφέρετο,
989 1309 1025 1372 τὸ
1048 1305 1085 1372 δέ
1100 1335 1127 1376 10

73 1416 259 1482 τελεστικὸν
287 1417 404 1500 μόνοις
433 1426 503 1492 τοῖς
535 1415 746 1502 ἀρχιερεῦσιν
779 1414 908 1500 ἐξάγειν
939 1413 992 1480 ἐπὶ
1021 1427 1089 1487 τῶν

74 1523 172 1606 ἱερῶν
197 1519 512 1607 ἐπετέτραπτο·καὶ
540 1525 654 1605 λόγος,
681 1524 800 1599 ποινὰς
828 1523 988 1607 ὑποσχεῖν
1013 1545 1089 1586 τινα

72 1640 138 1696 τῶν
161 1627 198 1693 ἐν
221 1627 306 1695 τέλει
330 1627 424 1712 ποτέ,
452 1627 530 1698 ἀνθ’
554 1623 601 1698 ῶν
629 1627 682 1696 ἐπὶ
709 1639 770 1696 τοῦ
792 1631 946 1713 πλήθους
973 1628 1010 1696 τὸ
1038 1652 1088 1696 τε-

72 1735 224 1802 λεστικὸν
261 1737 367 1820 ὄνομα
403 1744 461 1820 τῆς
500 1738 628 1812 πόλεως
667 1735 863 1820 άναφανδὸν
901 1735 1089 1820 ἐθάρρησεν

73 1841 220 1920 ἐξειπεῖν.
265 1843 347 1926 μετὰ
370 1837 408 1906 δὲ
430 1841 492 1924 τὴν
516 1839 569 1906 ἐπὶ
592 1851 631 1928 τῇ
649 1841 867 1927 άναγορεύσει
886 1850 944 1926 τῆς
961 1843 1088 1918 πόλεως
1103 1865 1128 1906 15

72 1950 206 2032 τελετὴν
238 1947 350 2028 ζεύξας
382 1957 509 2034 ταῦρον
540 1950 621 2032 μετὰ
654 1950 824 2034 δαμάλεως
857 1953 1019 2034 περιῆλθε
1053 1951 1088 2013 τὸ

72 2065 192 2140 τεῖχος,
220 2049 365 2137 τὸνμὲν
392 2055 516 2140 άρρενα
539 2052 592 2119 ἐπὶ
618 2055 681 2138 τὴν
707 2063 769 2120 τοῦ
791 2056 914 2122 πεδίου
940 2056 1090 2141 πλευράν

74 2160 195 2243 ζεύξας,
219 2160 280 2243 τὴν
303 2155 340 2224 δὲ
358 2162 500 2244 θήλειαν
520 2157 573 2224 ἐπὶ
592 2161 629 2224 τὸ
653 2169 710 2244 τῆς
728 2163 854 2238 πόλεως
872 2159 981 2246 μέρος,
1006 2161 1089 2225 ὥστε

73 2269 152 2343 τοὺς
175 2263 237 2350 μέν
260 2267 401 2352 άρρευας
423 2277 493 2343 τοῖς
516 2264 577 2344 ἐξω
600 2269 755 2349 γίνεσθαι
775 2267 953 2353 φοβερούς,
974 2268 1034 2343 τὰς
1052 2263 1090 2331 δὲ

73 2375 212 2457 θηλείας
228 2381 300 2448 ,τοῖς
318 2372 419 2437 ἐνδον
437 2375 609 2457 γονίμους·
633 2371 688 2438 καὶ
707 2373 820 2457 λαβὼν
837 2375 950 2457 βῶλον
969 2372 1004 2438 ἐκ
1022 2384 1089 2440 τῶν
1104 2399 1130 2438 ω

74 2478 134 2558 ἔξω
157 2488 217 2562 τῆς
240 2480 366 2553 πόλεως
388 2489 500 2564 μερῶν
522 2480 588 2543 σὺν
609 2477 665 2544 καὶ
687 2489 759 2554 ταῖς
784 2479 867 2564 πρὸς
889 2489 956 2543 τῶν
980 2480 1091 2545 ἄλλων

74 2582 358 2670 ἐπικομιζομέναις
381 2582 434 2648 ἐπὶ
456 2585 518 2668 τὴν
540 2587 641 2650 πόλιν
662 2585 826 2668 ἠκόντιζε,
854 2585 956 2670 ταύτῃ
981 2587 1091 2651 οἱωνι-

74 2693 227 2777 σάμενος,
255 2690 311 2756 διὰ
333 2690 457 2766 παντὸς
481 2689 586 2774 αὐτὴν
613 2690 649 2756 ἐκ
668 2699 729 2776 τῆς
751 2702 819 2756 τῶν
843 2690 969 2769 ἔξωθεν
993 2690 1090 2756 ἐπαυ-

75 2799 219 2884 ξηθῆναι
243 2797 441 2881 συνδέσεως,
463 2795 519 2862 καὶ
542 2795 610 2882 μετ’
634 2798 739 2880 ὀλίγα.
778 2802 913 2863 πολλῶν
931 2793 969 2862 δέ
988 2796 1092 2875 ξένων

74 2907 313 2971 συνελθόντων
337 2902 373 2968 ἐν
401 2903 498 2990 αὐτῇ,
527 2905 560 2969 οἱ
585 2913 647 2970 τοῦ
670 2903 838 2988 Ῥωμύλου
867 2905 1004 2986 λογάδες
1031 2905 1092 2987 τὴν
1105 2929 1131 2970 εε

75 3013 230 3097 ἡμίσειαν
252 3019 310 3094 τῆς
334 3008 461 3076 ἑαυτῶν
483 2999 626 3095 κτήσεως
648 3021 718 3088 τοὶς
740 3010 879 3094 ἐπήλυσι
901 3011 1091 3096 παρεχώρη-

77 3137 151 3203 σαν,
175 3119 306 3202 οἱκῆσαι
328 3117 390 3200 τὴν
403 3115 529 3201 Ῥώμην
552 3115 674 3194 αὐτοὺς
696 3121 880 3193 πείσαντες·
904 3115 962 3202 οὓς
985 3115 1092 3181 δῬω-

148 3281 204 3330 v.6
225 3274 239 3329 δ
258 3273 375 3344 ποιητής
394 3273 427 3328 οἱ.
448 3273 523 3328 Serv.
542 3273 626 3344 Verg.
645 3273 704 3328 Ecl.
724 3273 737 3327 I
755 3279 789 3328 30

148 3424 206 3472 v..4
221 3425 263 3486 πῆ
283 3414 362 3474 πόλει
379 3415 408 3472 A
480 3421 495 3469 8
514 3413 558 3471 δτι
580 3418 678 3484 ωλῶρα
700 3415 778 3484 παρὰ
801 3412 934 3485 ῥωμαίοις
956 3414 991 3473 τὰ
1014 3413 1091 3485 ἄνθη

80 3493 132 3567 cet.
152 3487 247 3616 ‹310⁸AE
299 3485 430 3558 13-πρτὲ]
447 3487 549 3542 τούτου
567 3487 596 3544 Β
650 3492 685 3543 20
700 3495 761 3550 τοῖς
780 3485 856 3542 omis.
873 3487 901 3542 B
956 3491 989 3548 22
1004 3484 1092 3554 ain&-

77 3579 134 3616 τισε
