2556 3996
203 180 274 245 ,108
468 182 577 235 LIBER
596 180 772 246 QUARTUS.
801 179 963 234 MARTIUS

168 355 194 408 X
209 345 314 428 φύσιν
340 348 529 410 κοινωνίαν.
574 342 629 409 καὶ
653 345 802 427 φαλλοὺς
830 343 867 408 ἐν
893 353 963 420 τοῖς
991 343 1092 427 λεροῖς
1120 342 1226 406 αύτοὺ

209 450 476 535 παρελάμβανον,
501 449 604 517 οἱονεὶ
628 453 668 515 τά
686 452 863 534 γεννητικὰ
882 451 1019 535 όργανα,
1040 446 1096 513 καὶ
1115 453 1225 513 είσοπ-

210 579 291 641 τρον
318 556 423 622 οἱονεὶ
449 558 510 622 τὸν
536 558 658 641 διαυγῆ
687 556 848 642 ούρανόν,
879 566 1027 641 σφαῖραν
1054 551 1091 620 δὲ
1119 551 1223 620 οἱονεὶ

209 664 271 746 τὴν
292 673 368 748 γῆν·
392 663 411 729 ὑ
434 665 498 748 γάρ
518 663 664 729 Πλάτων
682 663 719 729 ἐν
736 671 782 750 τῷ
805 667 930 750 Τιμαίῳ
950 666 1066 746 φησίν·
1091 661 1143 748 γῇ
1164 656 1223 744 μὲν

183 771 247 837 ετὸ
272 769 452 854 σφαιρικὸν
475 764 584 846 εἶδος.’
625 771 679 835 διὸ
699 770 740 852 δὴ
758 767 814 834 καὶ
833 768 850 833 ὁ
870 771 1079 853 Πυθαγόρας
1097 767 1134 834 ἐν
1153 777 1222 842 ταῖς

209 875 289 941 δέκα
308 879 464 961 σφαίραις
483 876 588 953 οὑτως
606 876 661 942 καὶ
680 877 762 963 αὐτῇ
781 877 888 961 ψυχάς
909 876 1115 961 ε’νεσπάρθαι
1132 876 1221 960 φησί.

209 981 399 1068 Πυριγενέα
422 979 460 1047 δὲ
483 982 586 1048 αὑτὸν
608 981 663 1048 καὶ
683 988 863 1069 Παγκρατη
886 981 924 1047 ἐν
942 993 1012 1058 τοῖς
1031 984 1133 1068 ἱεροῖς
1150 980 1221 1045 ε’κά-

210 1093 303 1172 λουν,
327 1089 377 1154 ὅτι
400 1091 462 1173 την
484 1086 545 1173 μὲν
568 1091 674 1175 φύσιν
695 1091 853 1175 πυρώδης
876 1087 967 1154 ἐστὶν
989 1089 1008 1155 ὑ
1031 1089 1139 1172 ἥλιος,
1162 1094 1219 1152 τοὺ

210 1192 247 1260 δὲ
274 1197 397 1272 παντὸς
424 1195 558 1281 ἐπάρχει
585 1195 640 1262 καὶ
667 1207 788 1283 κρατεῖ.
829 1195 885 1261 καὶ
906 1197 1065 1280 πάνθηρα
1088 1190 1127 1260 δὲ
1142 1216 1206 1278 παρ

169 1301 314 1368 ιο-ἀύτοὺ
345 1303 493 1387 τούνομα
529 1312 687 1368 ποιοῦσιν
724 1303 986 1386 ἀποδεχόμενον,
1023 1299 1128 1368 ολονεὶ
1162 1300 1218 1381 τὴν

192 1408 387 1494 ’πάνθηρον
414 1418 479 1494 γῆν
509 1408 541 1487 ἐξ
572 1409 676 1475 αὑτοῦ
707 1411 944 1494 λαμβάνουσαν
969 1410 1033 1492 τὴν
1062 1407 1217 1488 ζωοποιὸν

208 1512 264 1579 καὶ
287 1515 512 1600 εύφραντικην
534 1518 673 1601 τροφήν.
714 1514 770 1580 καὶ
789 1516 919 1598 Βάκχας
942 1514 1032 1602 αύτῷ
1054 1512 1111 1579 καλ
1130 1513 1216 1595 Νύμ-

209 1645 275 1705 φας
299 1620 403 1688 ολονεὶ
426 1625 466 1688 τά
489 1623 595 1687 ύδατα
613 1628 1024 1706 ποιοῦσιπειθαρχοῦντα,
1047 1631 1088 1708 τῇ
1109 1617 1147 1686 δὲ
1163 1627 1215 1685 τοὺ

208 1727 307 1811 ἡλίου
329 1731 457 1812 κινήσει
479 1728 500 1812 ἡ
523 1740 592 1794 τῶν
613 1729 748 1794 ὑδάτων
770 1729 873 1812 φύσις
894 1733 1119 1810 ζωογονεῖται·
1143 1727 1215 1809 κύμ-

168 1859 194 1900 15
209 1837 295 1918 βαλα
318 1831 355 1900 δὲ
378 1834 432 1901 καὶ
455 1837 608 1921 θύρσους
630 1835 746 1913 αὑταῖς
768 1837 902 1900 διδόασι
923 1836 984 1900 τὸν
1006 1847 1075 1900 τῶν
1092 1836 1215 1902 ὑδάτων

208 1935 304 2025 ἦχον·
332 1940 386 2007 καὶ
413 1944 479 2008 ὑπὸ
507 1942 673 2028 Σατύρων
701 1940 923 2026 ἐλαυνομένας
950 1945 1009 2020 τάς
1035 1943 1212 2020 Μαινάδας,

209 2039 282 2112 οἷον
313 2048 379 2113 ὑπὸ
411 2060 479 2114 τῶν
510 2046 642 2132 ἀνέμων
675 2047 872 2133 ὠθουμένης
902 2056 961 2132 της
992 2059 1060 2114 τῶν
1091 2049 1213 2114 ὑδάτων

208 2155 340 2239 φύσεως
363 2157 505 2241 βροντάς
527 2153 582 2220 καὶ
605 2156 752 2231 κτύπους
770 2154 1014 2220 ἀποτελεῖσθαι.
1051 2157 1212 2220 Διόνυσον

209 2257 246 2326 δὲ
269 2259 390 2326 ὡσανεὶ
414 2263 473 2327 τὸν
495 2271 556 2327 τοὺ
578 2263 664 2338 Διὸς
690 2271 775 2327 νοῦν
802 2259 906 2326 ολονελ
928 2262 991 2344 τὴν
1012 2271 1074 2326 τοῦ
1096 2264 1211 2346 κόσμον

168 2394 194 2432 το
207 2370 331 2452 νυχην·
354 2374 524 2452 πολλαχοῦ
542 2371 606 2453 γὰρ
625 2369 832 2456 εὑρίσκομεν,
854 2369 898 2444 ὡς
917 2368 934 2434 ὁ
955 2368 1085 2452 σύμπας
1102 2371 1212 2452 κόσμος

210 2476 294 2550 Ζεὺς
317 2474 508 2558 ὀνομάζεται
532 2476 644 2540 διὰτὸ
663 2474 800 2554 ἀείζωον
818 2472 873 2539 καλ
892 2473 1118 2558 ἀτελεύτητον.
1158 2472 1211 2538 Σε-

208 2579 308 2663 μέλης
331 2577 368 2646 δὲ
391 2580 494 2646 αὑτὸν
521 2591 678 2647 ποιοῦσιν
705 2583 797 2664 νλόν,
825 2582 870 2658 ὡς
896 2581 962 2646 ὑπὸ
989 2590 1055 2665 γῆν
1081 2579 1209 2668 κρυπτό-

208 2710 310 2772 μενον
332 2685 387 2752 καλ
416 2688 472 2752 διά
496 2697 556 2753 τοῦ
575 2687 714 2773 Ἑρμοῦ,
742 2685 891 2752 τουτέστι
914 2697 975 2752 τοὺ
998 2690 1117 2772 λόγου,
1142 2706 1210 2771 προ-

209 2796 316 2859 ϊόντα·
339 2791 459 2881 καὶτῷ
482 2801 576 2880 μηρςῖ
594 2803 655 2859 τοῦ
673 2794 758 2870 Διὸς
781 2792 1036 2881 ἐντρεφόμενον,
1060 2791 1160 2860 ολονελ
1181 2787 1209 2854 ἐν

168 2927 194 2967 τε
207 2911 277 2977 τοῖς
305 2899 505 2985 ἀπορρήτοις
531 2910 592 2966 τοῦ
619 2901 746 2984 κόσμου
774 2901 1002 2965 λανθάνοντα·
1029 2899 1085 2965 καὶ
1113 2894 1209 2964 Διθύ-

209 3010 338 3095 ραμβον
360 3004 416 3071 καὶ
434 3009 608 3091 Λιμήτορα
631 3006 691 3071 τὸν
713 3006 776 3070 δύο
800 3007 968 3091 προόδους
986 3008 1141 3090 λαχόντα,
1161 3004 1210 3085 τὴν

278 3237 302 3271 v.
318 3222 335 3270 4
348 3215 432 3270 Plato
446 3215 515 3270 Tim.
530 3233 557 3284 p.
570 3214 647 3270 55D:
666 3223 701 3286 γῇ
716 3213 811 3285 μὲνδὴ
825 3216 857 3270 τὸ
872 3216 1016 3287 κνβικδν
1031 3211 1108 3279 εἶδος
1122 3218 1207 3283 δῶμεν-

279 3429 304 3465 v.
318 3416 334 3464 2
349 3410 498 3479 όργανικαλ
513 3410 647 3478 ἔσοπτρον
662 3411 697 3480 Β,
713 3426 780 3465 corr.
796 3412 857 3466 ead.
872 3429 908 3466 m.
969 3417 984 3464 6
1004 3412 1075 3481 αὑτῇ
1088 3413 1126 3480 A,
1141 3411 1210 3476 αὑτός

196 3483 282 3552 νΑ,Β
354 3481 508 3552 9ὑπάρχει
527 3482 555 3535 Β
571 3484 575 3551 Ι
591 3481 743 3552 πάνθηρον
761 3483 799 3551 Χ,
819 3499 887 3537 corr.
908 3484 951 3538 Rr
1023 3489 1057 3536 10
1075 3475 1208 3552 τόνομαΑ

210 3558 243 3605 16
262 3549 445 3620 ἐλαυνόμενος
463 3553 491 3605 Β
564 3558 596 3606 18
615 3553 719 3616 τύπους
737 3553 764 3607 Α
837 3559 871 3608 26
891 3553 1035 3624 δημήτορα
1053 3562 1110 3610 τῶν
1129 3556 1156 3608 A
