2556 3996
175 202 217 266 78
416 201 526 257 LIBER
544 201 723 267 QUARTUS.
750 201 951 258 IANUARIUS

103 375 161 430 XR
176 368 310 452 άρηεται
336 375 581 452 καρποφορεῖν,
608 368 749 449 θνήσκει
772 363 810 432 δὲ
833 365 995 443 ὀκταετές·
1022 363 1204 452 τρυμηθὲν
1263 405 1264 458 3

174 469 212 538 δὲ
243 473 284 538 ού
317 475 533 559 φρυγόμενον
568 477 772 557 μελαίνεται,
809 472 880 539 ἀλλ’
917 473 953 539 ἐκ
985 483 1045 539 τοῦ
1077 472 1114 538 ἐν
1152 481 1202 560 τῷ

173 578 255 666 ηλίφ
270 579 499 644 διατίθεσθαι·
516 578 599 643 ὅθεν
613 582 789 663 συμβαίνει
802 581 840 644 τὸ
855 582 1058 659 σκιόψυκτον
1072 581 1202 646 λευκὸν

173 684 352 771 διαμένειν.
606 688 610 695 ’

132 803 159 856 Y
242 791 293 857 15.
307 791 379 858 Ὅτι
394 797 589 878 ποντίφικες
605 794 638 858 οί
654 792 819 880 ἀρχιερεῖς
833 795 923 879 παρά
935 791 1105 878 Ῥωμαίοις
1118 805 1242 884 Rrffl21

146 899 343 982 είλέμοντο,
374 899 527 984 καθάπερ
560 898 597 964 ἐν
621 898 782 983 Ἀδηναις
810 901 848 965 τὸ
880 902 983 966 πάλαι
1012 912 1197 986 γεφυραῖοι

171 1008 293 1083 πάντες
311 1007 344 1071 οῖ
362 1005 438 1091 περὶ
456 1007 496 1071 τά
509 1007 632 1092 πάτρια
647 1008 720 1092 ίερά
734 1005 885 1091 ἐξηγηταὶ
899 1006 955 1072 καὶ
969 1006 1135 1093 ἀρχιερεῖς
1151 1046 1196 1054 -

172 1112 335 1196 διοικηταὶ
362 1124 431 1178 τῶν
457 1113 546 1178 ὅλων
574 1151 616 1159 -
645 1113 869 1198 ὠνομάζοντο,
902 1115 959 1179 διά
985 1115 1023 1178 τὸ
1053 1113 1105 1180 ἐπὶ
1133 1125 1197 1198 τῆς

145 1219 320 1305 ενεφύρας
338 1228 399 1284 τοῦ
418 1223 606 1305 Σπερχειοῦ
623 1229 774 1304 ποταμοῦ
794 1221 976 1306 ἱερατεύειν
993 1229 1040 1308 τῷ
1057 1226 1195 1287 Παλλα-

108 1336 158 1390 SY
171 1327 242 1414 δίφ.
287 1327 415 1410 πόντην
442 1327 505 1412 γάρ
534 1328 567 1391 ολ
590 1325 742 1411 Ῥωμαῖοι
770 1327 831 1409 τὴν
857 1325 1011 1413 γέφυραν
1038 1333 1193 1411 καλοῦσι,

130 1443 157 1496 Y
169 1431 225 1520 καὶ
247 1436 401 1499 ποντίλια
423 1435 464 1499 τὰ
487 1445 653 1520 γεφυραῖα
672 1432 762 1512 ξύλα
804 1433 887 1500 ὅθεν
904 1433 962 1499 καλ
979 1433 1191 1520 πραξιεργίαι

171 1541 278 1622 δῆθεν
300 1539 480 1605 ἐκαλοῦντο
503 1540 624 1606 ὡσανεὶ
643 1543 799 1606 τελεσταί.
836 1551 935 1607 τοῦτο
953 1542 1017 1627 γάρ
1036 1545 1191 1627 σημαίνει

169 1647 207 1712 τὸ
229 1645 389 1731 πόντιφεξ
412 1646 477 1711 ἀπὸ
500 1655 560 1711 τοῦ
584 1647 731 1712 δυνατοῦ
755 1646 792 1712 ἐν
815 1649 933 1733 ἔργοις.

129 1763 155 1816 Χ
238 1753 288 1818 16.
325 1757 371 1839 Ίξῐη
393 1754 459 1839 πρὸ
483 1751 562 1817 δέκα
585 1752 670 1818 ὀκτὼ
693 1755 877 1818 Καλενδῶν
902 1757 1145 1841 Φεβρουαρίων
1163 1764 1233 1818 IV13

129 1885 156 1926 ιε
170 1859 395 1944 ἀνεμομαχίαν
418 1859 436 1925 ὁ
456 1860 599 1945 Βάρρων
622 1858 710 1942 λέγει
734 1863 900 1944 γίνεσθαι,
922 1863 1134 1947 Δημόκριτος
1153 1857 1190 1926 δὲ

169 1966 228 2031 τὸν
251 1969 327 2050 λίβα
350 1967 431 2050 μετά
454 1969 582 2052 ὄμβρου
605 1964 687 2051 φησὶ
710 1970 875 2050 γίνεσθαι.

94 2082 153 2138 XY
236 2072 286 2137 17.
318 2075 360 2138 02
378 2075 564 2158 φιλόσοφοί
584 2090 667 2158 φασι
684 2077 896 2160 Διοσκόρους
914 2070 1000 2141 εἶναι
1019 2077 1057 2141 τὸ
1076 2075 1142 2141 ὑπὸ
1161 2085 1232 2138 11122

167 2189 233 2264 γῆν
264 2177 319 2244 καὶ
350 2177 435 2266 ὑπὲρ
467 2189 532 2264 γῆν
560 2180 793 2268 ἡμισφαίριον·
820 2187 996 2248 τελευτῶσι
1025 2179 1064 2248 δὲ
1094 2183 1185 2268 ἀμοι-

128 2288 274 2370 Χβαδὸν
296 2294 458 2371 μυθικῶς,
482 2285 586 2353 οἱονεί
609 2288 674 2353 ὑπὸ
698 2291 778 2365 τοὺς
796 2287 975 2366 ἀντίποδας
993 2288 1027 2367 ἐξ
1046 2288 1184 2374 ἀμοιβῆς
1265 2287 1266 2292 ’

128 2420 154 2459 εο
168 2396 355 2479 φερόμενοι.
393 2394 426 2458 οί
449 2389 486 2457 δὲ
504 2391 580 2479 περὶ
594 2392 810 2479 Ἐπιμενίδην
828 2396 952 2481 ἀρρενα
969 2393 1024 2458 καὶ
1042 2396 1184 2478 θηλειαν
1265 2413 1266 2438 ¹

167 2499 359 2583 ἐμύθευσαν
385 2502 465 2577 τοὺς
490 2504 716 2586 Διοσκόρους,
745 2503 805 2567 τὸν
831 2497 894 2585 μὲν
921 2503 1040 2585 αἰῶνα,
1075 2503 1181 2587 ὥσπερ
1265 2531 1266 2558 ι

167 2606 312 2690 μονάδα,
334 2608 395 2690 τὴν
418 2603 456 2672 δὲ
479 2608 593 2691 φύσιν,
616 2609 661 2685 ὡς
684 2609 802 2693 δυάδα,
826 2606 1036 2685 καλέσαντες·
1066 2608 1103 2674 ἐκ
1120 2610 1183 2694 γάρ

166 2712 312 2796 μονάδος
332 2711 388 2777 καὶ
412 2714 536 2790 δυάδος
554 2714 572 2780 ὁ
590 2724 655 2790 ποῖς
673 2717 871 2798 ζωογονικὸς
887 2714 944 2779 καὶ
962 2717 1183 2800 ψυχογονικὸς

237 2924 261 2960 v.
283 2910 316 2959 16
335 2904 425 2960 Varro
449 2908 478 2959 οῖ
500 2905 677 2960 Democritus
695 2907 883 2961 Wachsmuth
902 2907 937 2961 de
956 2909 1007 2961 οελ.
1029 2912 1081 2962 295
1100 2926 1143 2964 nr.
1158 2913 1179 2961 2.

166 2982 200 3031 20
219 2976 246 3031 ολ
265 2977 329 3045 περὶ
344 2974 528 3046 Ἐπιμενίδην
548 2976 581 3031 cf.
601 2977 745 3033 Dieten'ch
764 2978 891 3033 Abraxas
909 2997 937 3049 p.
958 2984 1048 3047 130,1

234 3173 259 3209 v.
280 3159 294 3207 1
315 3154 467 3224 καρπεύειν
485 3155 514 3210 R
535 3157 540 3226 Ι
562 3155 705 3227 τρυγηθὲν
723 3155 755 3211 δὲ
774 3157 799 3211 εί
817 3155 867 3226 μὲν
886 3156 972 3212 ἐντῶ
990 3154 1058 3226 ἡλίοι
1077 3166 1179 3228 φρυηῆ,

164 3224 335 3297 μελαίνεται,
360 3227 385 3281 εί
408 3224 439 3280 δὲ
457 3223 572 3297 γένηται
591 3225 762 3298 σκιόψυκτον
781 3225 955 3284 λενκαίνετοιι
973 3228 1002 3283 R
1074 3234 1090 3281 3
1110 3226 1180 3284 ὅθεν

113 3309 118 3320 ’
165 3296 244 3353 omis.
264 3299 292 3351 B
365 3297 490 3369 ῦπαρδι]
509 3300 574 3366 περὶ
594 3299 651 3353 GE
721 3305 755 3353 10
774 3297 816 3353 ὅτι
834 3297 943 3369 πίντην
961 3299 989 3354 οί
1007 3296 1128 3370 ῥωμαῖοι
1146 3332 1179 3340 -

163 3378 304 3438 ηεφυραῖοι
325 3370 393 3435 ξύλα
411 3370 434 3425 S
504 3375 537 3423 15
561 3369 656 3440 βάρων
674 3370 706 3424 Χ
729 3373 734 3442 λ
759 3368 981 3440 Δημόκριτος-
996 3377 1029 3426 16
1048 3368 1180 3441 γίνεσθαι

164 3439 242 3495 omis.
262 3442 290 3495 B
373 3446 405 3495 17
426 3439 469 3495 ὅτι
488 3441 670 3510 διοσκούρους
688 3442 758 3511 φασὶ
776 3441 808 3496 τδ
826 3439 896 3511 ὑπὲρ
915 3450 968 3514 γῆν
986 3443 1035 3497 καὶ
1052 3442 1108 3497 ὑπὸ
1127 3450 1181 3514 γῆν

164 3509 348 3580 ἡμισφαίριον
380 3512 539 3584 ἀμοιβαδὸν
570 3517 698 3580 μυθικῶς
730 3518 833 3579 ζῶντας
864 3514 913 3568 καί
939 3516 1124 3576 τελευτῶντας
1155 3514 1183 3567 Υ

164 3588 197 3636 19
217 3582 333 3654 ἀμοιβῆς
351 3585 378 3638 A
452 3589 484 3638 21
505 3583 695 3654 ἐμυθεύσαντο
714 3586 742 3638 Β
