2524 3984
453 197 659 252 PRAEFATIO
1027 199 1065 253 LI

56 367 174 443 emplum
205 365 279 424 fecit
311 366 482 441 epitomem.
538 385 664 442 quarum
700 365 895 442 reliquiarum
932 367 1065 426 codicem

55 455 113 514 aa.
127 455 190 513 Pul.
205 475 249 531 gr.
266 457 327 512 141
354 457 426 514 olim
449 456 606 534 indagavit
628 454 771 514 Nicolaus
792 454 944 514 Schouias
968 475 1063 532 eoque

56 544 211 603 incdendo
235 543 312 602 libro
337 545 373 603 de
395 545 548 604 mensibus
571 563 644 603 usus
664 545 710 602 est
728 536 859 625 (179d);
882 545 914 602 in
933 545 1064 606 alterum

55 632 147 692 incidit
170 631 201 692 o.
215 633 251 690 B.
265 632 376 692 Hasins
394 633 462 692 Par.
481 654 524 710 gr.
542 635 637 708 1409,
660 633 697 691 de
721 653 779 709 quo
802 633 899 692 insius
923 633 1064 693 disseruit

55 741 79 796 p.
98 723 147 780 XL
176 722 382 781 commentarii
418 723 450 780 in
477 722 621 781 Ioannem
647 721 766 798 Lydum
796 722 963 798 conscripti.
1010 721 1063 782 sed

56 811 103 869 hae
121 812 152 869 in
174 831 207 870 re
231 829 291 870 uon
314 810 394 888 Lydi
423 811 551 871 editores
582 811 662 870 solos
692 829 828 871 curemus
857 829 976 870 necesse
1007 813 1061 885 est,

57 901 99 958 sed
119 901 185 960 illos
218 919 336 977 qnoque
359 901 442 960 unos
470 901 586 974 doctos,
617 900 671 976 qui
698 900 735 958 de
764 900 904 960 miseran
933 900 989 958 illa
1016 919 1062 958 re·

58 988 182 1048 censione
201 993 237 1048 nt
258 989 304 1048 ita
327 989 424 1048 dicam
447 990 602 1048 Planndea
625 991 760 1066 egemnt.
802 1007 929 1064 quorum
947 989 1061 1064 primus

56 1077 207 1138 landandus
243 1082 289 1137 est
317 1079 451 1155 Angelus
480 1079 594 1153 Maius,
627 1078 682 1154 qui·
710 1077 895 1153 Scriptorum
926 1080 1062 1137 veterum

58 1185 123 1226 nova
151 1167 325 1227 collectione
354 1171 426 1227 tom.
449 1167 481 1226 Il
503 1188 532 1244 p.
557 1169 620 1226 552
646 1185 709 1242 sqq.
739 1169 859 1241 narrat,
892 1185 923 1226 se
954 1166 1062 1225 Dionis

58 1253 138 1315 Cassii
151 1259 300 1332 excerpta,
314 1256 422 1332 quibus
436 1255 592 1315 abundant
601 1256 715 1315 cofflecs
724 1254 880 1330 Planudei,
894 1255 1060 1330 repperisse

57 1343 204 1405 induobus
217 1343 375 1404 Vaticanis
393 1345 553 1420 codicibus,
572 1341 654 1403 ‘nam
671 1344 779 1403 tertius
797 1344 875 1402 alius
888 1345 1064 1404 Planndeus

59 1435 184 1506 pauciore
213 1434 320 1494 Dionis
349 1435 520 1512 fingmenta
548 1429 661 1492 habet':
696 1433 806 1509 qui-bus
834 1433 932 1492 uerbis
962 1433 1061 1492 Maius

58 1521 202 1598 asponae
226 1541 257 1582 se
280 1523 368 1582 illum
391 1524 534 1598 codicem,
565 1523 617 1581 sed
646 1540 734 1581 usum
763 1541 803 1580 eo
821 1541 881 1581 non
905 1539 968 1580 esse
992 1541 1061 1580 oon·

60 1609 152 1671 fitetur.
202 1613 350 1672 maiorem
378 1613 483 1671 deinde
514 1631 617 1670 curam
646 1610 791 1687 excerptis
825 1611 887 1669 illis
918 1610 1060 1670 adhibere

59 1706 201 1776 caperent
218 1701 277 1761 viri
296 1701 387 1776 deos,
407 1705 567 1777 postquam
586 1701 758 1760 Theodorus
772 1701 937 1759 Mommsen
953 1699 1061 1758 horum

59 1789 155 1850 animos
173 1792 205 1849 in
224 1808 260 1850 ea
281 1790 429 1850 convertit
452 1789 661 1848 dissembone
683 1789 813 1848 Hermae
836 1789 894 1848 vol.
909 1787 953 1846 VI
973 1789 1059 1848 1872

58 1879 132 1950 par
151 1899 217 1957 sqq.
238 1879 353 1956 publici
374 1878 447 1937 imis
470 1879 552 1937 faeta
576 1873 678 1936 ‘ueber
700 1877 748 1935 die
772 1877 839 1936 dem
863 1876 982 1936 Oasrius
1000 1877 1059 1936 Dio

58 1963 227 2047 beigelegten
242 1965 325 2027 [Ieile
339 1968 392 2026 der
405 1967 624 2026 Planudischen
637 1965 700 2024 und
713 1966 766 2024 der
780 1964 1060 2024 Constantinischen

59 2051 199 2134 Ixcerpte'
205 2051 227 2116 1.
272 2060 342 2132 post
367 2057 454 2116 illurn
482 2056 561 2115 enim
592 2055 706 2114 codices
729 2054 897 2112 Planudeos
926 2053 1002 2112 adiit
1025 2055 1061 2112 Ε.

58 2140 234 2206 Pieoolomini
263 2145 397 2221 dixitque
428 2145 464 2204 de
493 2145 530 2204 iis
553 2143 675 2204 Rivista
702 2143 735 2202 di
761 2142 896 2222 filologia
917 2143 948 2200 H
974 2145 1058 2202 1873

57 2250 80 2306 p.
97 2237 275 2310 101-117,
300 2237 473 2294 rue—163
498 2227 648 2315 (³1ntorno
672 2233 703 2292 ai
725 2233 907 2292 collectanea
931 2231 962 2290 di
981 2232 1059 2291 Mas-

58 2319 118 2382 sino
138 2315 320 2404 Planude'),
352 2323 404 2382 ubi
438 2323 512 2382 dnos
545 2323 616 2382 illos
644 2322 719 2381 Maii
748 2321 912 2380 Vaticanos
945 2321 1059 2380 codices

58 2407 213 2472 Palatinum
246 2431 386 2491 peccam
420 2415 481 2470 141
517 2415 547 2470 ct
578 2411 760 2470 Vaticanum
789 2411 851 2470 951
886 2409 977 2468 fuisse
1010 2411 1059 2469 de-

58 2505 199 2578 monstrat,
221 2501 330 2578 quibus
354 2500 439 2559 addit
461 2499 632 2559 Parisinnm
654 2518 794 2578 graccum
819 2500 903 2558 1409
929 2503 960 2557 et
982 2498 1060 2558 Lau-

58 2590 211 2650 rentiennm
247 2592 322 2668 plut.
354 2589 431 2664 LIX,
456 2591 507 2648 30.
560 2590 737 2665 supplentur
772 2590 873 2647 autem
910 2606 946 2646 ea
984 2607 1060 2663 quac

57 2679 166 2750 protulit
188 2681 235 2741 vir
259 2679 446 2739 doctIssimus
466 2678 632 2736 Hermanni
649 2676 778 2753 Hauptii
800 2676 1059 2752 disquisitionibus

58 2757 143 2826 ‘ueber
174 2770 222 2828 die
254 2769 407 2827 Herkunft
444 2767 496 2826 der
529 2767 595 2826 dem
628 2765 748 2825 Cassius
780 2765 838 2824 Dio
870 2765 1060 2843 beigelegten

58 2850 262 2917 Plenudischen
285 2851 444 2933 leoerpte’
462 2856 591 2915 Hermae
610 2857 668 2916 vol.
682 2853 753 2913 ΧΠ
773 2855 858 2914 1879
872 2875 902 2930 p.
918 2854 1059 2928 36-64,

59 2943 246 3020 tel-297,
277 2949 309 3005 et
340 2941 437 3004 ‘Neue
459 2944 601 3022 Beitrtlge
631 2965 666 3002 zu
697 2943 754 3002 den
775 2944 977 3020 Fragmentcn
1006 2941 1058 3000 des

58 3024 105 3091 Ilio
135 3030 274 3111 Cassius,
307 3034 439 3094 eimdem
470 3033 631 3093 voluminis
658 3054 687 3109 p.
711 3033 903 3106 430-4463
932 3030 1057 3089 ultimus

59 3115 87 3178 de
105 3123 148 3183 his
171 3123 312 3184 dissemit
333 3124 370 3183 K.
392 3121 429 3182 K.
451 3123 577 3182 Mueller
594 3122 691 3181 Musei
713 3121 839 3181 rhenani
856 3121 915 3180 vol.
932 3116 1059 3177 XXXVI

119 3294 216 3363 ¹quae
240 3295 276 3348 de
302 3292 440 3364 excerptis
462 3292 615 3349 Planudeis
638 3291 813 3362 conscriptae
836 3290 902 3344 sunt
925 3285 1056 3367 ffisserta-

58 3358 134 3418 tiones
153 3365 304 3436 diligenter
322 3367 521 3418 enumerantur
540 3364 576 3418 ab
590 3364 623 3418 U.
638 3362 689 3416 Ph.
703 3361 870 3417 Boissevain
887 3358 918 3412 in
934 3356 1058 3411 ed1t10ne

59 3427 135 3489 bassii
151 3435 249 3491 Dionis
267 3435 281 3489 Ι
297 3455 325 3507 p.
341 3435 407 3490 CXI.
444 3435 570 3490 invenies
591 3433 699 3488 ibidem
716 3452 743 3502 p.
760 3431 845 3486 CXIV
862 3429 993 3485 notatum
1012 3443 1057 3482 co·

59 3499 134 3560 dicein
154 3508 296 3576 quendam
314 3506 502 3575 Planndenrn‚
527 3521 610 3574 quem
627 3503 748 3572 Neapoli
767 3502 835 3556 olim
853 3497 1057 3583 inyestigatum

58 3574 183 3634 saneto
202 3579 284 3650 (Idne.
303 3578 386 3635 Borb.
405 3577 542 3633 H-F-sr
561 3594 582 3631 s.
596 3573 671 3645 XIV)
689 3590 741 3643 ego
760 3590 816 3626 non
834 3571 902 3648 vidi.

882 3658 896 3688 1

858 3659 877 3712 d

67 3935 99 3948 ’Νι
