2556 3996
165 159 210 224 34
548 159 657 214 LIBER
675 159 797 214 ALTER

101 323 184 388 Χὸὁ
205 322 351 409 ῥὴτωρὸ
375 327 591 409 Ταραντῖνος·
610 320 692 407 φησὶ
711 319 749 387 δέ
768 321 886 398 οὕτως·
910 322 996 387 ‘fou
1018 324 1081 407 γάρ
1105 321 1186 406 ἡγε-

15 415 17 418 ’
165 431 239 515 μὼν
268 428 325 494 καὶ
353 431 464 515 ἀρχων
492 429 649 495 ἀπάντων
677 420 724 505 εἷς
752 427 803 494 ἀεὶ
832 429 880 494 ὢν
910 430 1007 512 θεός,
1039 430 1186 514 μόνιμος

66 545 149 601 XYS
163 535 318 619 ἀκίνητος
355 535 455 612 αὐτὸς
492 533 598 623 ἑαυτῷ
632 534 767 620 όμοιος.’
822 537 854 600 ολ
887 531 924 600 δέ
953 534 1182 620 μαθηματικοὶ

165 645 248 729 πρὸς
270 644 308 708 τὸ
327 643 561 727 μυθικώτερον
579 640 735 727 ῥέποντες
753 649 800 730 τῷ
813 642 935 729 Κρόνῳ
954 642 1017 724 τὴν
1036 640 1186 727 ἑβδόμην

123 760 149 813 Y
163 747 290 834 ἡμέραν
317 756 590 833 προσφωνοῦσιν,
614 745 718 812 οἱονεὶ
741 755 788 834 τῷ
813 745 914 833 πατρὶ
936 759 1004 812 τῶν
1023 747 1183 833 ἐμφανῶν

138 863 265 923 οθεῶν.
311 853 424 938 έπειδὴ
449 856 514 940 γὰρ
544 865 611 919 τῶν
640 853 867 939 πλανωμένων
893 855 1029 919 πάντων
1055 855 1184 939 ὑψηλό-

165 986 259 1049 τερος
281 961 300 1027 ὁ
320 970 382 1027 τοῦ
404 959 481 1046 παρ’
509 960 623 1037 αὐτοῖς
640 963 778 1046 Κρόνου
801 960 930 1044 λέγεται
952 960 1068 1047 ἀστὴρ,
1091 961 1184 1050 αὐτῷ

165 1071 272 1154 δῆθεν
312 1069 374 1152 τὴν
411 1065 557 1152 ἑβδόμην
592 1066 719 1153 ἡμέραν
753 1067 914 1133 ἀνέθεντο
946 1068 992 1144 ὡς
1023 1068 1184 1156 ἀνωτάτω
1268 1069 1269 1108 ³

94 1186 151 1240 XY
165 1163 309 1241 πάντων.
363 1173 384 1257 ἡ
412 1177 530 1239 τοίνυν
558 1172 699 1259 ἑβδομὰς
733 1173 934 1258 συνέστηκεν
961 1172 994 1252 ἐξ
1023 1172 1098 1252 ἑνὸς
1125 1173 1184 1239 καὶ

125 1310 152 1348 ιο
165 1283 265 1346 δυοῖν
286 1279 342 1346 καὶ
365 1281 545 1366 τεττάρων,
572 1283 694 1365 έχουσα
720 1281 784 1346 δύο
811 1283 933 1364 λόγους
955 1281 1185 1367 ἀρμονικωτά-

124 1398 150 1452 X
163 1412 256 1472 τους,
284 1390 344 1453 τόν
371 1411 406 1452 τε
433 1388 631 1473 τριπλάσιον
656 1377 712 1453 καὶ
736 1389 796 1453 τὸν
817 1389 1067 1474 τετραπλάσιον.
1114 1390 1185 1472 ἔχει
1269 1421 1270 1450 ι

165 1491 202 1560 δέ
228 1492 284 1560 καὶ
312 1494 489 1579 διαιρέσεις
518 1494 665 1578 ζυγάδην
695 1496 822 1579 τρόπον
853 1495 929 1559 τινά
957 1494 1185 1570 συνεστώσας·

164 1604 342 1687 διαιρεῖται
364 1602 429 1686 γάρ
456 1612 591 1687 πρῶτον
618 1603 665 1677 εἰς
692 1602 821 1686 μονάδα
848 1599 904 1666 καὶ
928 1599 1042 1685 ἑξάδα,
1070 1603 1186 1666 ἔπειτα

165 1711 212 1786 εἰς
234 1709 381 1774 πεντάδα
403 1705 459 1772 καὶ
481 1709 601 1792 δυάδα,
624 1705 680 1772 καί
702 1714 893 1774 τελευταῖον
916 1709 963 1785 εἰς
986 1708 1107 1793 τριάδα
1126 1705 1185 1770 καὶ

124 1840 151 1881 15
165 1816 319 1900 τετράδα·
342 1816 571 1900 μουσικωτάτη
591 1811 628 1879 δέ
646 1814 667 1898 ἡ
686 1815 815 1880 τούτων
833 1825 901 1879 τῶν
923 1813 1080 1899 ἀριθμῶν
1103 1813 1184 1878 ἀνα-

165 1925 270 2005 λογία.
308 1923 465 1987 διατείνει
488 1918 526 1986 δέ
549 1921 650 2006 αὐτῆς
672 1921 693 2005 ἡ
713 1921 814 2006 φύσις
833 1919 888 1986 καὶ
907 1919 960 1986 έπλ
978 1922 1040 2005 τὴν
1058 1920 1186 2005 ὁρατὴν

165 2030 296 2094 ἀπασαν
319 2028 448 2112 οὐσίαν,
475 2029 622 2114 οὐρανὸν
643 2026 699 2092 καὶ
721 2037 798 2112 γῆν·
826 2028 944 2093 αὐτίκα
970 2036 1056 2110 γοῦν
1083 2027 1184 2112 οὐρα-

164 2137 227 2200 νόν
245 2152 350 2219 φασιν
369 2133 449 2200 ἑπτά
472 2137 650 2215 διεζῶσθαι
677 2135 828 2218 κύκλοις,
856 2129 905 2200 ὧν
927 2135 1073 2219 ὀνόματα
1089 2133 1184 2197 τάδε·

165 2240 318 2327 ἀρκτικὸς
332 2240 547 2327 ἀνταρκτικὸς
560 2243 697 2332 θερινὸς
714 2242 899 2327 χειμερινὸς
914 2239 1104 2325 ἰσημερινός
1125 2242 1184 2318 ζω-
1271 2257 1272 2264 ’

126 2373 152 2413 ιο
166 2348 279 2424 διακὸς
301 2345 356 2412 καὶ
379 2346 515 2433 προσέτι
543 2346 712 2431 γαλαξίας·
735 2347 753 2412 ὁ
777 2347 841 2431 γάρ
864 2355 1015 2422 τοιοῦτος
1038 2344 1185 2430 ἀριθμὸς

165 2456 260 2530 θεῖός
282 2453 381 2518 ἐστιν.
427 2454 510 2519 ὅθεν
536 2455 577 2519 τά
603 2454 686 2518 κατὰ
714 2455 775 2538 τὴν
801 2451 965 2540 ἡμετέραν
990 2453 1102 2536 ἀυχὴν
1127 2453 1182 2516 διὰ
1271 2527 1272 2542 ¹

166 2570 226 2626 τοῦ
248 2559 448 2644 ἡγεμονικοῦ
471 2563 575 2644 λόγου
599 2558 720 2645 έπταχὴ
744 2562 900 2644 σχίζεται,
923 2560 1007 2645 πρός
1028 2581 1064 2624 τε
1086 2557 1184 2623 πέντε

237 2753 261 2790 v.
278 2742 292 2788 1
313 2733 458 2789 Philolaus
478 2734 553 2804 apud
571 2733 720 2788 Philonem
738 2734 773 2788 de
792 2732 860 2803 opif.
878 2731 977 2787 mundi
995 2752 1023 2803 p.
1039 2739 1074 2787 34
1094 2732 1184 2788 (101111-

166 2806 336 2876 Wendland‚
355 2805 469 2860 Boeckh
487 2804 631 2860 Philolaos
649 2825 676 2876 p.
692 2811 743 2860 151

236 2985 261 3021 v.
278 2971 292 3018 1
312 2965 327 3020 δ
347 2965 436 3035 ρὴτωρ
452 2966 466 3020 ὁ
481 2967 517 3035 Β,
537 2965 567 3019 in
581 2982 650 3020 corr.
665 2965 702 3033 A,
721 2963 828 3032 όνὴτωρ
848 2963 918 3032 681
935 2965 1004 3034 φησλ
1018 2963 1050 3018 δὲ
1069 2962 1186 3018 omiS.S

166 3045 182 3092 2
203 3037 217 3092 ὁ
235 3036 351 3092 πάντων
367 3037 428 3104 BS,
447 3035 580 3092 ἁπάντων
597 3038 625 3090 A
697 3042 713 3090 3
733 3036 760 3090 ολ
780 3033 811 3089 δὲ
829 3036 947 3104 μυθικολ
965 3043 1003 3090 τῶ
1022 3034 1114 3123 κρόνω
1133 3033 1183 3103 τὴν

167 3107 289 3182 ἑβδόμην
312 3106 419 3178 ἡμέραν
442 3106 559 3178 (ἡμέραν
582 3106 660 3163 omia.
680 3108 719 3176 B)
741 3104 878 3163 ἀνέθεντο
898 3107 936 3168 ὡς
958 3106 1092 3161 ἀνωτατω
1110 3103 1183 3160 πάν-

165 3201 229 3236 των.
258 3180 275 3249 ἡ
296 3178 416 3270 ἑβδομὰς
434 3177 599 3249 συνέστηκεν
618 3179 650 3232 Χ
669 3180 673 3250 ἡ
694 3178 721 3232 ολ
745 3177 776 3232 δὲ
799 3177 992 3247 μαθηματικοὶ
1013 3179 1119 3246 μᾶλλον
1138 3175 1184 3230 ἐπὶ

165 3252 197 3307 τδ
216 3255 340 3321 μυθικον
361 3248 533 3321 βέποντεςβ
601 3255 675 3322 4τῷ
698 3249 819 3304 omis.S
889 3245 1021 3319 ὁπατρί]
1045 3247 1185 3316 πρώτωδ
1270 3197 1272 3314 Ι

167 3328 201 3376 10
220 3324 313 3394 δυοῖν]
329 3322 380 3376 δύο
396 3322 428 3375 Χ
446 3324 450 3392 Ι
471 3321 584 3393 ἔχοντα]
604 3319 724 3391 ἑχόντων
744 3321 772 3373 Υ
789 3322 793 3390 Ι
814 3318 1058 3388 ἀρμονικωτάτους
1067 3320 1103 3388 A,
1123 3338 1183 3374 -κο-

165 3392 301 3456 τάτουςΑ
330 3410 418 3463 marg.
482 3399 513 3446 11
529 3391 703 3464 τριπλάσιον]
719 3390 866 3446 διπλάσιον
880 3391 926 3481 Y]
942 3389 997 3460 ἔχει
1008 3408 1079 3459 —p.
1096 3395 1181 3459 35,11

167 3467 283 3554 βραηεῖα
302 3433 405 3518 δθεωωῖ
428 3465 457 3518 Y
538 3469 571 3517 12
591 3461 726 3532 διαίρεσις
745 3464 772 3517 Β
859 3467 892 3518 17
912 3461 1046 3517 απάντων
1064 3460 1095 3514 in
1115 3477 1182 3515 corr.

165 3537 203 3606 A,
223 3552 336 3591 απασαν
355 3536 382 3589 Β
455 3541 488 3590 19
507 3535 623 3604 θερινὸς
641 3534 719 3590 011111.
739 3535 767 3588 Β
