2556 3996
123 249 126 256 Δ
180 183 224 248 50
545 183 655 239 τιεωι
674 183 828 240 οεεοιοε

32 393 35 398 -
138 358 162 410 Ρ
178 350 281 432 μηνία
300 348 349 423 εἰς
366 348 466 431 τιμήν
481 344 597 433 Ἥρας,
619 347 692 430 ήτις
714 346 783 412 ἐστὶ
802 349 946 432 Σελήνη,
970 349 1005 413 αἰ
1024 345 1062 414 δὲ
1080 353 1195 414 Νῶναι

180 455 227 531 εἰς
245 455 351 538 ὄνομα
364 454 501 538 <Διός>,
525 456 560 519 αί
578 451 616 519 δὲ
630 452 729 519 Εἰδοὶ
747 455 850 520 πάλιν
869 457 916 532 εἰς
935 456 1041 539 ὄνομα
1060 456 1195 538 <Διός>·

180 561 322 627 ἐκάλουν
353 557 391 625 δὲ
420 565 602 645 νεομηνίαν
630 561 692 644 τήν
721 561 857 646 πρώτην
886 570 944 645 τῆς
973 564 1114 646 σελήνης
1141 559 1194 626 καί

179 666 334 754 ἑόρταζον
363 667 446 754 αὐτῇ
476 666 531 734 καί
557 666 709 753 Ῥωμαῖοι
738 666 793 732 καί
815 666 988 752 Ἕλληνες,
1019 667 1090 734 ἀλλ’
1119 664 1194 734 οὐδὲ

151 777 267 861 οπαρά
293 773 461 861 Ἑβραίοις
489 785 740 861 κατεφρονεῖτο,
772 776 818 851 ὥς
849 792 954 860 φησιν
985 775 1003 841 ὁ
1037 776 1192 863 μελφὸός·

134 895 162 948 X
177 883 368 948 εσαλττίσατε
382 880 420 946 ἐν
433 885 593 968 νεομηνίηι
608 881 786 965 σάλπιγγι.’
813 883 958 965 χαλεπὸν
973 877 1010 947 δὲ
1025 878 1125 948 οὐδὲν
1134 891 1243 959 ΒιΙΠμ

178 988 304 1054 ἐκτῶν
333 999 403 1065 τοίς
432 988 582 1075 ἀρχαίοις
611 986 795 1074 εἰρημένων
820 989 877 1054 διὰ
911 986 1062 1074 βραχέων
1092 991 1192 1054 εἰπεῖν

179 1096 244 1180 ό,τί
254 1118 334 1162 ποτε
349 1097 412 1180 άρα
427 1093 495 1160 ἐστί
514 1099 675 1179 νεομηνία
696 1093 752 1160 καί
775 1097 866 1171 τίνος
889 1095 988 1180 χάριν
1005 1096 1097 1180 παρὰ
1112 1104 1188 1160 πᾶσι

112 1213 163 1267 XS
178 1205 333 1287 φαίνεται
364 1202 384 1286 ἡ
413 1211 471 1285 τῆς
497 1206 673 1287 νεομηνίας
701 1201 843 1286 δύναμις
869 1199 1051 1285 τιμωμένη,
1083 1203 1112 1266 εἰ
1136 1199 1188 1265 τά-

136 1333 163 1372 10
177 1306 280 1393 ληθίς
299 1311 413 1392 εἰπεῖν,
437 1318 476 1395 τῇ
500 1309 599 1393 φύσει
618 1320 686 1373 τῶν
703 1309 906 1393 πραγμάτων
929 1306 1187 1394 ἰνθεωρουμένη.

67 1426 208 1481 XYHPS
218 1414 273 1481 καί
287 1417 409 1482 τούτου
422 1417 548 1502 μάρτυς
555 1414 758 1499 Ἀντίγονος,
776 1416 915 1500 φάσκων
928 1417 1007 1491 τοὺς
1021 1415 1187 1500 μύρμηκας

177 1522 214 1589 ἐν
236 1535 308 1600 ταῖς
334 1527 525 1608 νεομηνίαις
552 1523 797 1588 ἀναπαύεσθαι·
827 1521 996 1587 ἀδύνατον
1023 1517 1087 1587 οὖν
1109 1523 1190 1586 ἰὸεῑν

141 1630 332 1716 ὃμύρμηκα
373 1629 410 1695 ἐν
446 1640 517 1706 ταῖς
553 1633 745 1714 νεομηνίαις
783 1627 1017 1714 ἐργαζόμενον,
1059 1629 1104 1705 ὡς
1136 1625 1188 1692 καί
1265 1701 1266 1712 ,

170 1735 335 1823 Ἀρχελάῳ
368 1741 504 1821 εἴρηται.
554 1734 609 1801 καί
641 1739 752 1820 τίμιον
783 1736 821 1800 τὸ
853 1743 911 1819 τῆς
943 1739 1119 1819 νεομηνίας
1146 1735 1188 1810 ὡς

133 1869 161 1908 15
176 1843 332 1927 ἐλέγομεν
368 1845 475 1927 όνομα
510 1843 554 1920 ὡς
588 1848 697 1908 αἴτιον
733 1841 946 1917 ἀνανεώσεως
978 1850 1039 1905 τοῦ
1071 1841 1187 1916 παντὸς

174 1952 353 2034 αἰσθητοῦ·
385 1961 453 2015 τῶν
480 1951 544 2035 γάρ
577 1949 615 2014 ἐν
644 1951 798 2032 αἰσθήσει
826 1948 962 2013 πάντων
994 1947 1032 2012 ἐν
1059 1947 1187 2031 αὐξήσει

173 2055 229 2122 καί
261 2059 395 2142 μειώσει
428 2060 664 2141 τυγχανόντων
695 2056 831 2139 τοιαύτη
864 2079 914 2132 τις
944 2055 1010 2119 ὑπὸ
1043 2065 1104 2121 τοῦ
1134 2055 1186 2137 δη-

173 2173 339 2250 μιουργοῦ
358 2165 598 2228 όιατετύντωται
615 2163 636 2246 ή
655 2171 713 2245 τῆς
728 2163 867 2245 σελήνης
885 2163 987 2247 φύσις
1006 2159 1186 2245 συνέχουσα

244 2358 269 2393 v.
290 2345 305 2394 5
324 2339 454 2407 Ps.80‚s
542 2345 573 2392 11
594 2337 690 2408 Antig.
709 2336 809 2391 mirab.
830 2342 920 2391 ο.140
1007 2341 1042 2390 14
1059 2333 1186 2390 Archelai
1264 2335 1265 2356 ³

173 2409 341 2481 fragmentis
360 2409 522 2464 addendum

244 2576 296 2625 αλ
311 2569 381 2632 Διὸς
394 2568 438 2623 bis
453 2569 532 2624 omis.
542 2571 576 2640 P,
595 2569 722 2640 supplevi
733 2586 785 2640 ego
839 2575 856 2622 4
871 2568 1044 2636 ἑώρταζονΡ
1096 2573 1112 2621 6
1126 2565 1184 2621 σάλ·

172 2660 262 2712 ττιγγι·
284 2639 379 2695 αἰτίαν
398 2639 429 2694 δὲ
447 2649 496 2710 τής
513 2641 584 2709 πρὸς
602 2641 690 2709 αὐτὴν
703 2650 783 2711 τιμῆς
797 2638 946 2710 ἐσχήκασιν
960 2640 1084 2700 άτταντες
1098 2638 1125 2704 ἐξ
1139 2640 1184 2692 αό-

131 2731 135 2738 ·
172 2723 227 2768 τῶν
246 2721 301 2767 τῶν
315 2721 441 2782 φυσικῶν
455 2711 687 2782 παρατηρήσεων·
703 2714 773 2781 φασί
788 2711 841 2782 γὰρ
854 2713 919 2775 τοὺς
934 2712 1079 2780 μύρμηκας
1093 2707 1183 2780 σχολά·
1263 2771 1264 2780 ,

172 2789 229 2850 ζειν
248 2783 278 2839 ἰν
296 2791 330 2852 τη
350 2781 485 2852 νεομηνία
499 2787 555 2854 (11)
569 2782 682 2846 καὶτὰς
696 2783 765 2855 ίβεις
779 2783 816 2853 μὴ
831 2783 910 2851 ὁρᾶν,
928 2780 988 2836 ἀλλ’
1006 2779 1119 2844 ἀσίτους
1131 2783 1180 2836 κτλ.
1263 2801 1264 2838 ι

172 2859 209 2924 (p.
225 2861 268 2923 51,
284 2858 329 2922 11)
344 2855 373 2908 Ρ
441 2853 616 2925 8νουμηνία
629 2856 657 2909 Α
672 2871 782 2926 semper
851 2855 929 2924 θείη
944 2851 1066 2922 τάληθὲς
1079 2853 1116 2922 Α,
1135 2849 1179 2906 εἴτ’
1263 2847 1264 2856 ’

171 2925 277 2996 ἀληθὲς
295 2927 323 2980 Β
397 2931 430 2979 10
449 2925 630 2995 θεωρουμόνη
650 2928 682 2980 Χ
754 2932 785 2979 11
807 2923 848 2980 ὅτι
866 2927 932 2988 τούς
955 2922 1101 2994 μύρμηκάς
1119 2939 1182 2992 φασι

171 2998 202 3052 ἐν
220 3007 282 3060 ταῖς
294 3005 344 3067 τῆς
358 2994 473 3066 σελήνης
487 2995 652 3068 νουμηνίαις
665 2997 702 3067 μὴ
722 2995 888 3068 ἐργάζεσθαι
903 2995 962 3050 ἀλλ’
978 2994 1127 3067 ἡσυχάζειν
1139 2995 1181 3048 καί

170 3069 222 3139 τὴν
241 3069 299 3141 ίβιν
318 3071 354 3138 (p.
371 3073 413 3137 51,
429 3071 455 3138 ὃ)
478 3068 512 3138 Y,
536 3068 567 3123 ἐν
589 3079 651 3132 ταῖς
673 3066 839 3138 νουμηνίαις
857 3066 889 3122 δὲ
908 3067 945 3130 ὥς
967 3084 1055 3136 φασιν
1074 3066 1103 3120 οἰ
1121 3065 1181 3134 μύρ-

171 3159 255 3209 μηκες
283 3139 492 3195 ἀναπαύονται·
521 3140 664 3195 ἀδύνατον
692 3138 744 3211 γάρ
774 3139 848 3194 ἐστιν
875 3138 906 3194 ἐν
933 3147 995 3200 ταῖς
1021 3135 1182 3207 νουμηνίαις

170 3213 301 3281 μύρμηκα
320 3209 504 3282 ἐργαζόμενον
528 3212 599 3267 ἰδεῖν
623 3212 671 3266 καί
695 3209 738 3265 ότι
760 3210 778 3280 ή
797 3209 853 3282 ίβις
871 3215 907 3280 (p.
923 3216 970 3278 51,
987 3212 1012 3278 7)
1030 3209 1066 3262 Η
1081 3207 1182 3274 11681,

171 3281 250 3352 ότιή
272 3291 322 3352 τῆς
344 3281 495 3352 νεομηνίας
518 3283 637 3353 δύναμις
660 3283 708 3337 καί
731 3281 809 3352 παρὰ
832 3289 901 3336 τιᾶσι
919 3289 1032 3351 τιμᾶται
1050 3281 1101 3334 καί
1119 3280 1182 3346 αἰτή

169 3362 203 3424 τῆ
221 3364 277 3409 τῶν
295 3352 467 3424 πραγμάτων
486 3353 567 3422 φύσει
588 3354 781 3422 ἐνθεωρεῖται·
805 3351 948 3408 όιὸύνατον
971 3360 1042 3422 γοῦν
1065 3350 1139 3405 ἐστιν
1156 3349 1182 3403 ἐν

169 3434 232 3488 ταῖς
251 3423 418 3495 νουμηνίαις
440 3424 570 3494 μύρμηκα
589 3423 773 3496 ἐργαζόμενον
792 3424 864 3479 ἰδεῖν
883 3425 920 3486 ὡς
937 3424 986 3478 καί
1005 3421 1130 3494 ἀρχελάω
1148 3420 1181 3475 εἰ·

170 3496 293 3565 omas
374 3502 406 3548 12
426 3492 477 3550 ούν
501 3513 570 3552 corr.
589 3513 623 3551 ex
646 3497 743 3551 ἐᾶνΒ
825 3501 858 3549 13
877 3497 915 3558 ὡς
937 3495 1075 3563 καί-μ.
1092 3495 1181 3562 61,17

180 3564 325 3636 όόρκυλλος
343 3566 421 3622 omia.
438 3568 469 3621 X
541 3575 574 3623 14
594 3566 636 3623 ὅτι
654 3566 746 3637 τίμιον
765 3566 792 3638 S,
812 3568 861 3622 καί
878 3565 971 3635 τίμιον
991 3563 1090 3635 scripsi
