2556 3996
471 227 581 282 LIBER
598 227 721 282 ALTER
1060 229 1102 293 29

90 393 240 476 μιγάδων
266 403 397 476 ψυχῶν·
423 392 465 456 τδι
492 393 555 476 γὰρ
583 399 641 474 τής
667 401 776 475 ψυχῆς
803 395 1005 476 στηρίγματα
1032 391 1103 456 τέσ-
1117 400 1197 456 XYS

90 499 179 584 σαρύ
200 497 279 582 ἐστι,
306 507 388 574 νοῦς
415 497 575 582 ἐπιστήμη
604 496 685 576 δόξα
713 505 878 583 αἴσθησις.
923 499 1013 582 ψυχὰ
1040 500 1103 584 γὰρ

90 605 285 690 ἀνθρώπου,
304 605 349 682 ὡς
368 607 576 690 Πυθαγόρας
594 607 669 690 ἔφη,
688 608 758 671 ἔστι
775 606 984 691 τετράγωνον
1002 603 1104 689 ὀρθο-

91 712 225 794 γώνιον.
254 710 427 798 Ἀρχύτας
450 707 487 777 δὲ
509 721 567 796 τῆς
589 721 698 797 ήνχής
720 713 779 776 τὸν
803 711 884 798 ὅρον
907 711 969 777 οῦκ
992 710 1029 776 έν
1051 735 1101 777 τε·
1120 721 1146 774 Y

90 819 264 906 τραγύνςο,
288 817 359 885 ἀλλ’
383 818 420 884 έν
441 819 552 903 κύκλςο
576 818 776 902 ἀποδίδωσι,
801 819 869 883 “διδι
892 827 991 884 τοῦτο
1014 820 1104 903 ῦυχδι
1130 848 1142 887 5

90 925 130 989 τὸ
154 925 232 990 αὑτὸ
255 934 385 1008 κινοῦν,
407 924 536 1008 ἀνάγκα
558 921 596 990 δὲ
618 926 656 990 τὸ
679 936 813 1010 πρῶτον
835 934 965 1008 κινοῦν,
984 926 1105 1001 κύκλος

90 1027 131 1095 δὲ
155 1041 252 1098 τοῦτο
274 1031 295 1115 ή
314 1032 469 1118 .σφαῑρα’.
511 1030 567 1096 καὶ
599 1031 686 1097 ούτω
716 1029 778 1117 μὲν
804 1031 858 1098 έπδ
882 1042 942 1098 τοῦ
972 1042 1106 1117 νοητοῦ,
1120 1041 1176 1096 ΧΥ

90 1133 192 1204 οὐδὲν
218 1135 256 1204 δὲ
282 1133 383 1222 ήττον
409 1137 489 1204 κάπὶ
516 1147 577 1204 τοῦ
604 1140 769 1223 αἰσθητοῦ
798 1138 867 1204 έστι
895 1141 1046 1205 συνιδεῖν
1068 1138 1106 1204 έν

89 1255 163 1320 ταῖς
184 1257 252 1311 τῶν
270 1247 362 1326 ζώων
384 1244 545 1330 γενέσεσι·
568 1257 702 1331 πρῶτον
729 1242 791 1331 μὲν
818 1248 881 1332 γύρ
910 1246 979 1312 ε’στι
1008 1245 1105 1333 σκέρ-
1119 1247 1145 1300 Y

90 1375 192 1435 ματος
214 1356 395 1438 καταβολή,
419 1353 578 1439 δεύτερον
601 1349 638 1418 δὲ
661 1352 681 1436 ή
706 1356 754 1430 εἰς
776 1355 816 1418 τδι
844 1352 923 1436 γένη
952 1355 1105 1437 διανομή,
1120 1380 1145 1419 10

89 1463 204 1543 τρίτον
223 1458 370 1543 αὔξησις,
392 1457 447 1524 καὶ
466 1457 624 1544 τέταρτον
637 1463 812 1536 τελείωσις.
849 1459 933 1524 ἀλλὰ
952 1461 1018 1544 μήν
1035 1459 1106 1525 τέσ-
1120 1471 1177 1524 ΧΥ

91 1563 189 1650 σαρές
211 1588 246 1629 τε
269 1564 377 1648 ήλίου
390 1567 523 1651 τροπαί,
551 1563 627 1630 καθ’
657 1565 695 1642 ἃς
717 1567 758 1630 τδι
780 1567 861 1630 όντα
884 1577 1105 1652 σνντηρεῑται,

91 1671 258 1757 ἰσημερίαι
286 1671 363 1755 δύο,
386 1672 507 1758 θεριυή
525 1669 581 1737 καὶ
603 1672 773 1757 χειμερινὴ
792 1674 907 1758 τροπή.
951 1670 1106 1758 τέσσαρες

90 1773 128 1842 δδ
156 1775 213 1842 καὶ
241 1777 343 1861 αὐτῆς
369 1787 427 1861 τῆς
455 1780 594 1862 σελήνης
623 1780 657 1843 αἱ
682 1790 814 1864 Ιτυροῦται
848 1779 966 1863 φύσεις
996 1781 1105 1865 ὥσπερ

90 1884 177 1969 ῥίζαι
199 1882 255 1949 καὶ
274 1883 387 1969 ἀρχαί,
423 1885 567 1961 σύνοδος
594 1883 800 1969 πανσέληνος
827 1886 998 1970 διχότομοι
1031 1886 1104 1969 δύο,
1120 1904 1145 1944 15

90 1989 228 2074 ἑκάστης
260 1992 391 2075 φύσεως
418 1990 617 2075 ἀλλοιούσης
649 1993 711 2075 τήν
742 1990 926 2077 ἐνέργειαν·
953 1991 1017 2057 ἀπὸ
1045 1989 1203 2076 μὲνΧΥΗ

89 2100 154 2183 γὰρ
179 2099 327 2164 συνόδου
350 2097 411 2174 ἕως
434 2099 613 2183 διχοτόμου
635 2099 804 2184 ὑγραίνει,
832 2097 896 2164 όιτιὸ
925 2095 963 2163 δὲ
986 2099 1107 2183 ταύτης

89 2203 152 2281 ἕως
178 2207 390 2288 πανσελήνου
421 2208 612 2291 θερμαίνει,
645 2204 709 2270 ἀπὸ
746 2201 783 2269 δὲ
813 2205 934 2290 ταύτης
965 2203 1027 2281 ἕως
1049 2213 1107 2288 τῆς

91 2310 248 2397 δευτέρας
276 2313 456 2396 διχοτόμου
488 2311 645 2396 ξηραίνει,
678 2310 714 2378 ἐκ
746 2307 783 2376 δὲ
815 2311 936 2395 ταύτης
967 2310 1029 2388 ἕως
1053 2310 1105 2376 έτὶ

160 2557 185 2592 v.
205 2545 222 2592 4
241 2538 380 2608 Archytas
399 2558 424 2595 v.
443 2539 534 2594 Zeller
551 2539 623 2593 Phil.
635 2540 661 2594 d.
680 2539 726 2593 Gr.
741 2540 780 2593 III
795 2539 831 2593 2⁸
846 2545 905 2594 105.

160 2771 185 2807 v,
205 2758 221 2806 2
241 2752 309 2824 ἐστι]
329 2753 381 2806 εἰσι
401 2752 425 2806 0
442 2756 446 2822 Ι
467 2761 547 2824 ψυχᾶ
568 2753 602 2821 Α,
617 2753 694 2824 ψυχὴ
713 2752 771 2824 A„
791 2752 869 2822 ψυχὰ
887 2753 948 2808 rell.
1021 2759 1037 2806 3
1057 2753 1107 2807 όν-

89 2825 214 2891 θρόεττοσν
232 2824 255 2878 S
275 2826 279 2894 Ι
305 2821 392 2892 φησίν
415 2822 430 2877 δ
452 2822 622 2895 πυθαγόρας
644 2825 681 2892 Y,
706 2826 743 2886 ὡς
760 2821 929 2894 ττυθαγόρας
947 2824 1000 2894 ἔφη
1021 2825 1078 2879 XS
1101 2825 1104 2896 Ι

90 2896 266 2965 εῦθυγώνιον
294 2896 347 2965 Y}
372 2893 547 2965 τετράγωνον
569 2896 617 2950 καί
641 2895 907 2966 εῦθύγωνονονιδἹ
979 2893 1107 2965 4Ἀρχύ-

90 2987 188 3028 τας-
204 2971 218 3019 7
234 2975 341 3035 σφαῖρα
360 2967 462 3019 desunt
485 2968 527 3035 X,
556 2966 678 3037 ἀρχύτας
700 2966 732 3021 δὲ
750 2967 853 3022 κύκλον
871 2966 960 3036 αύτήν
983 2985 1070 3037 φησιν
1089 2967 1111 3022 S

91 3044 234 3105 6ντρᾶτον
252 3037 313 3092 FG
335 3037 340 3110 Ι
363 3046 461 3092 κινοῦν
480 3037 558 3092 omis.
577 3039 608 3092 D
704 3044 718 3091 7
738 3037 825 3100 οὕτως
850 3040 878 3092 Β
966 3045 982 3092 8
1011 3036 1107 3108 οῦδὲν]

90 3107 158 3163 οῦδὲ
181 3109 210 3162 A
300 3108 405 3190 θέστι]
424 3109 461 3171 ὡς
483 3110 513 3164 D
538 3112 542 3177 Ι
568 3107 723 3178 σπέρματος
745 3142 779 3150 -
804 3115 838 3162 10
861 3109 981 3180 διανομὴ
1006 3110 1108 3163 desunt

91 3180 134 3248 Χ,
152 3178 256 3233 lacuna
274 3179 436 3247 quindemm
453 3180 510 3234 fere
529 3179 688 3234 litterarum
708 3182 767 3304 ΒΙ
786 3181 907 3248 διαμονή
933 3182 966 3249 Υ,
986 3180 1107 3249 διανομὴ

91 3250 127 3305 ci.
147 3249 180 3306 G.
198 3250 338 3305 Wissowa
356 3251 460 3305 collato
478 3251 551 3306 Plat.
571 3250 641 3306 Tim.
660 3271 687 3322 p.
703 3258 736 3306 73
841 3256 872 3303 11
893 3252 942 3305 καὶ
961 3251 1040 3305 omis.
1060 3253 1105 3322 ΧΙ

90 3321 147 3391 μὴν
170 3323 218 3376 καὶ
242 3319 371 3391 τέσσαρες
392 3323 423 3376 F
515 3329 548 3376 12
576 3324 618 3394 τε]
639 3330 689 3376 τοῦ
710 3323 740 3377 D
766 3324 770 3389 Ι
795 3319 865 3375 καθ’
887 3319 932 3392 ἃς]
956 3321 996 3384 είς
1021 3321 1055 3383 ἅς
1079 3323 1110 3376 Χ

92 3399 126 3447 13
145 3391 284 3461 ἰσημερίαι
298 3426 332 3434 -
351 3392 440 3462 τροπή
460 3394 562 3448 desunt
585 3395 614 3448 Y
683 3400 717 3446 14
735 3392 853 3462 φαύσεις
884 3393 912 3445 Β
986 3398 1019 3446 16
1034 3394 1107 3462 φαύ-

91 3482 159 3526 σεως
177 3464 213 3532 Β,
233 3465 341 3533 φύσεως
359 3466 397 3519 Μ
415 3470 419 3532 Ι
440 3475 564 3533 φυσικῶς
582 3462 614 3518 δὲ
632 3464 649 3533 ἡ
670 3463 768 3534 σελήνη
787 3463 844 3517 ἀπὸ
863 3461 914 3532 μὲν
934 3461 1054 3519 συνόδου
1073 3497 1108 3505 -

90 3555 119 3605 p.
134 3541 208 3603 30‚'1
228 3535 365 3609 ξηροτύτη
388 3535 448 3610 ὥρᾳ
465 3536 500 3588 Η
520 3535 538 3590 f.
560 3541 639 3589 168V.
730 3541 763 3588 17
783 3535 839 3589 ἀπὸ
863 3533 895 3588 δὲ
916 3535 1020 3605 ταύτης
1045 3534 1107 3602 ἔωςΙ

91 3605 123 3661 ἐκ
137 3604 164 3660 δ’
178 3603 286 3676 ἐκείνης
303 3606 350 3662 ἐστὶ
367 3615 417 3676 τῆς
435 3608 502 3661 ΧΗ
575 3612 608 3660 19
622 3606 652 3661 έκ
662 3626 732 3676 -p.
748 3613 812 3674 30,1
828 3606 912 3676 ψύχει
927 3607 1029 3662 desunt
1044 3609 1111 3662 ΧΗ
