2524 3984
471 193 678 249 PRAEFATIO
999 197 1085 250 LXIX

141 362 216 421 Luce
239 365 341 421 autem
364 362 473 421 clarius
497 363 611 422 factum
638 382 701 447 esse
727 382 812 440 spero
839 365 896 424 hoo
923 366 1086 424 lectionum

79 455 243 528 conspectu,
288 452 461 528 apographa
503 451 706 511 Marinianum
747 457 777 512 et
814 453 1009 531 Bigotianum
1051 474 1086 513 ex

79 559 135 599 uno
157 541 316 616 eodemque
340 539 502 616 exemplari
520 573 562 581 —-
583 542 663 616 quod
681 541 789 600 Allatii
807 541 900 601 fuisse
918 543 1028 602 scimus
1043 577 1084 584 -

79 629 199 688 deducta
219 647 295 705 esse,
320 648 412 704 quare
435 629 509 688 mihi
533 648 596 711 eoas
609 649 726 706 ruoque
744 631 825 691 locos
844 632 949 690 afferre
967 651 1085 690 necesse

78 737 132 776 non
153 719 283 792 videtur,
313 718 422 793 quibus
445 719 477 776 in
504 714 581 777 libro'
610 743 645 776 ue
673 720 803 778 fratrum
824 720 983 780 Arvalium
1011 721 1085 780 actis

79 807 113 864 ad
140 807 215 882 Lydi
245 807 281 866 de
311 807 462 866 mensibus
492 806 603 866 librum
634 812 814 882 provocatur
846 829 864 868 a
891 809 1019 869 Marinio
1048 802 1086 890 (I,

81 896 243 956 139=ed
265 915 295 971 p.
315 898 367 970 42,
383 899 410 956 9.
434 895 473 972 Π,
496 897 677 955 366=ed
700 917 729 972 p.
751 899 801 972 66,
816 899 845 956 4.
868 898 893 974 Ι,
917 900 959 956 64
978 925 1021 946 =
1041 899 1084 956 ed.

78 1005 103 1058 p.
123 987 175 1059 74,
195 986 245 1043 14.
277 983 322 1059 H,
346 986 410 1043 384
430 1011 472 1032 =
492 987 535 1043 ed.
559 1004 588 1061 p.
610 987 686 1059 163,
706 978 755 1068 4),
783 1005 917 1063 quosque
946 1007 981 1046 ex
1001 987 1085 1045 illius

81 1074 242 1151 apographo
267 1074 457 1149 depromptos
481 1093 543 1133 esse
567 1074 699 1133 conicere
723 1093 778 1150 par
801 1080 853 1135 est.
895 1095 992 1151 neque
1015 1095 1085 1135 vero

80 1180 140 1220 curn
170 1164 330 1243 contende,
362 1183 378 1220 e
410 1160 509 1222 codice
542 1163 706 1222 Barberino
738 1165 946 1242 apographum
977 1164 1086 1224 Allatii

80 1250 197 1326 flumsse,
220 1251 370 1309 Allatium
394 1254 497 1310 autem
513 1251 628 1329 Bigotii
649 1253 741 1312 fiiisse
760 1256 921 1328 auctorem,
945 1254 1085 1327 offendor,

84 1340 154 1413 quod
185 1339 335 1417 quondam
366 1340 581 1399 Kalendarinm
614 1340 711 1400 clodii
743 1343 831 1402 Tusci
864 1343 897 1400 in
929 1343 1028 1402 codice
1060 1341 1086 1400 B

82 1427 159 1506 longe
182 1429 270 1488 aliter
292 1429 437 1488 traditum
460 1448 522 1488 esse
546 1434 636 1506 atque
659 1431 691 1488 in
709 1431 738 1489 A
761 1431 963 1490 demonstrare
983 1431 1087 1490 studui

84 1507 157 1595 (Byr.
181 1518 292 1576 Ztschr.
311 1518 348 1593 V,
367 1510 455 1600 414).
501 1522 538 1578 ut
562 1520 640 1577 enim
662 1519 779 1594 plenior
801 1520 826 1578 B
850 1522 908 1594 est,
931 1520 1085 1595 plenioris-

85 1624 133 1679 que
157 1606 243 1666 huius
270 1607 449 1666 recensionis
476 1609 577 1683 plures
605 1610 709 1666 extant
736 1607 850 1668 codices
878 1600 981 1689 (Laur.
1009 1609 1085 1684 plut.

83 1694 207 1770 XXVIII,
231 1697 282 1755 34.
312 1696 380 1754 Par.
404 1716 446 1773 gr.
473 1689 587 1778 1991),
610 1715 696 1755 nemo
719 1697 851 1773 negabit,
878 1697 1011 1756 accidere
1033 1717 1085 1772 po·

83 1783 172 1860 tuisse,
193 1788 228 1844 ut
246 1784 385 1862 Bigotius
408 1787 457 1844 vel
481 1785 533 1860 qui
553 1785 615 1844 eius
633 1788 738 1844 auctor
757 1789 842 1859 esset,
866 1805 934 1845 curn
952 1787 991 1844 ad
1008 1784 1087 1862 Lydi

83 1870 181 1932 librum
202 1873 416 1932 Kalendan'um
438 1873 516 1932 illud
539 1874 662 1932 adderet
683 1874 866 1950 haberetque
889 1875 921 1932 in
944 1877 1087 1951 promptu

84 1961 200 2021 codicem
219 1963 350 2038 aliquem
369 1962 552 2038 ampliorem,
570 1962 727 2038 repudiato
740 1963 904 2022 Barberino
923 1964 1087 2039 pleniorem
1169 1983 1171 1986 ·

83 2048 157 2109 illum
178 2051 344 2127 praeferret
366 2071 455 2126 quem
478 2051 662 2110 exscriberet.

140 2165 182 2224 De
209 2165 329 2242 Iosephi
360 2166 486 2242 denique
517 2167 552 2225 de
581 2167 668 2226 Iuliis
699 2167 871 2244 apographo
900 2166 984 2226 brevi
1013 2167 1088 2225 mihi

85 2270 137 2311 esse
163 2254 275 2329 licebit3
302 2274 399 2331 pauca
427 2255 506 2314 enim
532 2254 646 2314 tradita
674 2258 745 2314 sunt
771 2256 856 2315 nobis
879 2255 963 2314 illius
986 2256 1085 2331 verba,

84 2340 121 2398 ita
139 2347 174 2402 ut
197 2344 233 2402 de
255 2363 333 2402 nexu
360 2344 423 2403 eius
447 2347 477 2403 et
498 2344 683 2420 reliquorum
709 2345 810 2420 stirpis
834 2345 861 2402 X
884 2345 1018 2405 codicum
1040 2345 1085 2403 iu-

85 2429 182 2490 dicium
204 2433 280 2491 ferre
306 2453 501 2508 nequeamus:
529 2433 587 2492 nisi
614 2433 693 2510 quod
717 2434 781 2494 veri
807 2437 852 2492 est
877 2434 983 2509 simile,
1010 2434 1086 2492 illud

86 2537 205 2596 quoque,
236 2524 271 2579 ut
298 2523 378 2598 quod
404 2523 517 2581 Romae
545 2522 585 2582 sit
608 2525 776 2597 exaratum,
802 2522 898 2580 redire
928 2523 966 2582 ad
989 2523 1086 2598 ipsum

86 2608 202 2668 codicem
224 2610 430 2670 Barberinum.

142 2714 250 2785 Quibus
270 2717 414 2793 expeditis
432 2720 528 2777 restat
546 2721 581 2776 ut
599 2719 678 2777 inter
695 2735 726 2776 se
745 2721 954 2794 comparentur
973 2718 1086 2776 codices

88 2801 136 2860 AB
158 2809 187 2864 et
205 2805 238 2864 T.
280 2825 339 2881 qua
361 2807 393 2866 in
416 2826 448 2866 re
466 2807 554 2868 vaide
572 2807 732 2866 dolendum
751 2809 804 2881 est,
829 2807 907 2882 quod
926 2825 1001 2864 unus
1020 2810 1085 2865 tan-

86 2893 140 2949 tum
165 2898 194 2953 et
225 2895 251 2953 is
277 2895 468 2955 brevissimus
495 2899 644 2955 tractatus
672 2897 807 2954 servatus
840 2899 885 2954 est
913 2914 931 2953 a
961 2893 1085 2970 Crypto-

87 2979 243 3058 ferratensi3
266 3003 432 3059 perpaucae
458 2985 537 3043 enim
556 2988 624 3044 sunt
642 2985 793 3059 lectiones,
816 3003 892 3060 quae
915 2985 947 3042 in
966 3002 1086 3042 censum

86 3072 171 3128 vocari
195 3073 318 3148 possint,
342 3092 468 3149 quarum
491 3093 640 3150 apponam
663 3073 729 3132 has:

86 3219 109 3278 p.
123 3205 224 3279 145,2
248 3202 341 3278 ἄλλως
363 3227 393 3266 τε
416 3203 448 3266 δὲ
471 3206 529 3265 ΑΒ
605 3203 699 3277 ἄλλως
723 3201 754 3264 δὲ
778 3206 802 3263 Τ
824 3205 913 3264 lectio
938 3204 1066 3282 genuina

205 3291 364 3441 llrcvlrrolr3
393 3294 437 3370 A,
483 3293 551 3355 τονέ-
605 3291 734 3354 noluero
758 3293 782 3351 Τ
805 3293 893 3352 lectio
917 3295 1046 3371 genuina

250 3399 316 3442 οοστ

183 3475 222 3531 18
246 3467 266 3549 ἢ
289 3472 347 3531 ΑΒ
605 3469 655 3532 καὶ
677 3472 701 3530 T
725 3471 814 3530 lectio
838 3472 967 3548 genuina

104 3560 167 3633 147,
184 3564 221 3618 11
247 3560 349 3622 τοίνυν
364 3561 477 3633 τούτοις
491 3561 550 3620 ΑΒ
604 3561 719 3632 τούτοις
742 3559 843 3619 τοίνυν
867 3561 892 3618 Τ
