2524 3984
26 319 137 361 editioni·

16 373 137 414 institutio

153 151 201 208 XO
556 152 763 208 PRAEFATIO

220 319 333 389 Quibus
355 321 500 397 expeditis
519 321 581 379 iam
599 321 637 379 ad
655 321 755 398 ipsum
773 322 912 382 editionis
930 322 1070 382 habitum
1088 341 1166 382 acee-

154 410 268 484 damus,
296 429 384 485 quem
406 410 451 468 ita
473 410 606 486 institui,
633 412 668 468 ut
691 411 816 488 singulis
840 411 1036 489 paragraphis
1061 413 1166 471 adscri-

153 498 275 557 beretur
306 517 447 558 numerus
485 499 624 558 editionis
656 499 874 559 Roetherianae
907 533 949 540 —
982 503 1018 558 ut
1048 502 1164 560 omnino

153 588 239 646 illam
261 587 466 646 Bekkerianae
494 588 638 663 praetuli,
670 589 782 664 quippe
814 608 874 664 qua
903 588 975 648 novi
1004 589 1066 648 fere
1094 591 1166 648 nihil

152 677 333 753 praestitum
356 678 434 736 esset
453 710 495 717 —
514 677 640 754 singulis
663 697 735 737 vero
757 678 892 737 versibus
912 677 1073 737 adderetur
1091 679 1164 738 codi-

153 785 222 825 cum
243 767 325 840 nota‚
349 785 364 823 6
388 765 496 841 quibus
519 766 607 841 petiti
630 769 741 838 essent3
765 767 845 842 ipsas
869 766 1004 826 codicum
1026 768 1166 827 lectiones

153 853 316 931 apparatui
345 874 435 930 quem
461 857 571 914 vocant
598 855 700 915 critico
723 855 848 931 inserui,
875 856 1009 932 itemque
1036 857 1166 916 virorum

153 943 310 1002 doctorum
328 943 522 1019 coniecturas,
543 963 672 1019 quarum
689 946 791 1003 tamen
810 944 896 1004 omisi
916 963 974 1019 666,
994 965 1071 1020 quae
1090 965 1166 1004 nunc

151 1033 185 1090 in
213 1031 287 1106 ipsis
317 1031 468 1091 codicibus
497 1033 648 1110 leguntur,
679 1052 802 1110 easque,
832 1052 908 1108 quas
936 1034 1049 1093 nullius
1078 1034 1167 1110 pretii

153 1139 216 1180 esse
244 1119 324 1178 duxi.
371 1120 505 1179 addenda
533 1124 634 1180 autem
660 1122 698 1181 iis
726 1125 792 1181 erat
818 1123 945 1182 fortasse
973 1142 1021 1197 66,
1048 1123 1081 1180 in
1110 1143 1166 1198 qua

152 1209 186 1267 L.
211 1207 342 1269 Oohnius
364 1209 530 1284 periculum
557 1210 628 1268 fecit
656 1211 694 1269 ad
721 1211 811 1270 fidem
832 1211 967 1271 Philonis
991 1210 1026 1270 de
1050 1211 1165 1287 opificio

151 1298 256 1356 mnndi
289 1296 308 1373 ξ
333 1300 395 1357 117
425 1290 485 1378 (ed.
515 1297 785 1358 Oohn-Wendland
811 1300 827 1357 Ι
853 1320 881 1376 p.
905 1293 977 1380 41),
1004 1298 1056 1358 ubi
1083 1299 1165 1376 Lydo

151 1407 180 1463 p.
201 1388 252 1460 34,
272 1389 312 1444 21
337 1407 391 1462 pro
416 1385 464 1446 διὰ
483 1386 648 1448 vindicavit
667 1388 741 1468 δίχα.
777 1389 908 1465 itemque
928 1389 1050 1463 siquae
1070 1391 1166 1448 essent

152 1476 326 1535 testimonia
349 1476 482 1552 ipsorum
504 1474 662 1537 Laurentii
683 1477 842 1537 verborum
864 1477 902 1536 ab
926 1477 994 1536 aliis
1017 1477 1164 1537 codicibus

151 1566 200 1623 vel
223 1565 416 1640 scriptoribus
439 1569 572 1641 servata,
600 1566 704 1625 eodem
730 1568 850 1642 recepta
878 1569 961 1641 sunt3
989 1566 1091 1625 addidi
1115 1586 1164 1625 66-

151 1657 213 1712 tem
243 1655 399 1730 praeterea
428 1657 609 1730 apparatum
639 1657 793 1714 auctorum
823 1655 860 1714 ab
887 1655 1000 1715 Ioanne
1030 1655 1165 1716 laudato·

151 1763 232 1801 rum:
255 1743 287 1800 in
311 1762 370 1818 qno
394 1746 465 1801 nota
489 1737 550 1802 ‘ct’
569 1744 687 1820 saepius
712 1744 851 1820 apposita
869 1744 1013 1820 signatur,
1037 1745 1164 1804 auctoris

150 1833 217 1892 loco
244 1852 305 1892 non
332 1831 436 1890 eadem
463 1833 523 1908 legi
552 1852 628 1908 quae
656 1833 737 1909 apud
759 1833 890 1908 Lydum,
919 1835 1052 1892 attamen
1079 1833 1165 1892 illum

151 1921 190 1980 ab
213 1920 269 1980 hoc
290 1921 456 1979 indicatum
479 1939 541 1980 esse
569 1922 672 1982 videri
719 1922 852 1981 sednon
875 1921 911 1979 (16
935 1921 1070 1981 omnibus
1100 1941 1165 1981 auc·

151 2008 266 2068 toribus
294 2028 312 2068 a
339 2009 503 2069 Laurentio
530 2011 656 2085 prolatis
684 2031 748 2069 1616
774 2011 819 2069 116
849 2029 936 2086 agere
963 2011 1063 2086 potui,
1096 2011 1165 2086 quia

151 2099 325 2174 saepissime
348 2099 380 2156 in
404 2099 561 2157 afferendis
582 2100 643 2158 illis
666 2099 872 2177 neglegentior
895 2101 940 2158 est
958 2099 1164 2175 Philadelphe-

151 2207 220 2262 nus3
247 2187 398 2246 interdum
425 2188 517 2246 etiam
544 2188 607 2247 foro
634 2192 669 2247 ut
696 2189 795 2247 locum
823 2188 954 2263 aliquem
981 2188 1062 2264 apud
1089 2188 1165 2247 Neo-

151 2277 371 2352 platonicorum
385 2277 534 2352 quendam
553 2277 650 2336 adhue
668 2278 813 2336 latentem
830 2277 861 2335 in
880 2276 977 2336 lucem
992 2277 1165 2352 protraham

28 2371 39 2393 ⁸
150 2383 251 2440 sper03
274 2385 368 2423 unum
385 2365 501 2424 incuria
518 2385 585 2424 mea
605 2367 747 2426 omissum
764 2366 826 2424 iam
843 2385 923 2424 nunc
940 2366 1048 2424 addere
1065 2366 1163 2425 iuvat:

151 2454 191 2512 ad
214 2473 242 2529 p.
264 2455 336 2530 139,
356 2456 375 2511 2
399 2453 599 2530 Porphyrium
622 2455 703 2531 apud
726 2455 897 2529 Eusebium,
920 2474 1020 2530 praep.
1045 2475 1089 2513 ev.
1111 2455 1164 2529 ΠΙ,

154 2545 205 2617 11,
226 2544 253 2600 7.

218 2631 263 2688 De
286 2631 462 2708 fragmentis
490 2631 567 2691 sedis
589 2633 721 2692 incertae
744 2635 774 2692 et
797 2632 873 2692 falso
902 2632 1056 2692 attributis
1078 2633 1164 2692 modo

150 2719 221 2778 dixi.
267 2719 378 2778 indices
401 2721 446 2779 ita
472 2723 636 2796 composui,
666 2725 701 2781 ut
727 2721 823 2798 primo
851 2721 916 2781 loco
945 2725 1101 2781 auctorum
1121 2722 1164 2781 in-

153 2809 249 2868 dicem
271 2828 467 2885 proponerem
490 2810 517 2868 h.
542 2830 565 2868 e.
590 2830 704 2887 eorum,
733 2830 861 2888 qnorum
887 2811 1009 2890 nomina
1037 2810 1074 2869 ab
1102 2811 1164 2886 ipso

151 2897 315 2957 Laurentio
329 2899 535 2975 proferuntur3
558 2900 664 2975 quodsi
679 2918 790 2974 eorum,
809 2918 883 2975 quos
902 2919 935 2958 re
953 2919 1024 2958 vera
1037 2899 1165 2976 inspexit

151 2987 263 3063 Lydus,
292 2987 474 3046 conscribere
497 2988 614 3063 vellem,
641 2989 730 3065 longe
753 2989 831 3048 alius
854 2991 932 3048 66661
954 2988 1088 3064 futurus,
1116 2987 1165 3047 sed

149 3076 183 3134 id
206 3080 241 3135 nt
264 3076 361 3135 facere
380 3075 501 3152 possim,
524 3077 658 3154 longiore
678 3097 751 3154 opus
771 3078 829 3136 erit
847 3076 1066 3152 disquisitione,
1090 3096 1163 3152 quae

151 3165 284 3240 spatium
316 3165 533 3242 prolegomenis
566 3185 737 3226 conoessum
766 3167 897 3225 multum
928 3166 968 3224 sit
997 3185 1163 3244 egressura3

152 3273 239 3329 spero
262 3258 371 3331 autem,
395 3255 456 3313 alia
479 3255 552 3314 data
575 3256 727 3316 occasione
749 3255 824 3314 mihi
847 3259 1024 3315 eventurum
1046 3274 1110 3315 esse
1132 3257 1163 3312 ut

150 3343 295 3401 disseram
325 3343 360 3402 de
390 3343 546 3402 Laurentii
575 3345 715 3404 fontibus.
767 3344 911 3403 accedunt
941 3344 1108 3420 glossarum
1137 3346 1164 3401 61

151 3431 305 3490 nominum
332 3432 455 3506 indices3
489 3451 613 3509 cumque
641 3434 687 3492 his
717 3433 826 3508 11111116,
859 3433 1031 3492 auctoribus
1060 3432 1163 3510 glossis

150 3520 329 3597 nominibus,
362 3540 411 3581 666
441 3522 588 3582 contineri
612 3541 658 3582 res
684 3526 835 3598 putarem,
868 3522 904 3581 ob
938 3540 1012 3598 quas
1046 3541 1065 3580 a
1094 3521 1163 3582 viris
