2524 3984
500 210 707 266 PRAEFATIO
1023 211 1114 270 XXIX

16 367 18 404 ¹
88 379 124 438 in
148 377 287 439 omnibus
309 379 371 439 fere
395 379 544 440 codicibus
571 379 685 456 pariter
715 383 854 457 oonupto
879 379 1114 456 demonstratum

15 473 16 478 ’
90 471 124 527 et
154 467 263 545 prioris
292 468 471 529 recensionis
504 467 796 545 praestantissimum
832 487 894 530 esse
927 470 1058 529 codicem
1087 469 1114 528 R

92 556 328 632 autumavimus,
351 577 439 633 quem
461 577 522 617 una
545 577 614 617 cum
631 557 766 635 reliquis,
789 561 989 635 quotcumque
1007 557 1114 618 iisdem

90 645 250 705 abundent
277 645 422 723 excerptis
445 646 603 723 tytionis,
636 667 671 707 ex
703 647 807 707 eodem
833 648 916 707 fonte
945 647 1116 707 derivatum

92 753 158 795 esse
186 734 304 794 scimus.
354 735 415 794 iem
446 739 542 796 restat
573 738 607 795 ut
640 755 833 812 quaeramus,
864 739 969 796 utrum
996 756 1031 795 ex
1057 737 1114 796 hoc

91 823 160 900 ipso
184 824 293 884 codicis
311 824 339 883 R
359 824 543 901 reliquorum
565 826 728 902 archetypo
751 825 897 885 deductus
920 825 960 885 sit
978 825 1114 885 codicum

93 912 321 989 Splinieuorum
349 913 487 990 princeps
510 933 615 974 necne:
643 915 724 991 quod
751 933 806 993 ego
837 914 995 992 affirmam3
1025 913 1114 975 valde

92 1001 175 1061 enim
196 1002 276 1062 inter
303 1020 334 1062 se
361 1001 472 1062 similes
499 1006 571 1062 sunt
598 1002 689 1063 codex
711 1003 739 1062 R
762 1007 793 1063 et
815 1004 973 1080 Spliniana
994 1003 1113 1064 brevior

91 1091 226 1152 recensio
257 1094 288 1151 ct
315 1090 348 1150 in
377 1094 507 1167 utraque
534 1091 681 1171 Antigoni
711 1091 803 1152 verba
837 1093 980 1171 leguntur
1009 1091 1113 1152 eodem

91 1180 183 1240 modo
206 1180 240 1239 in
261 1180 382 1240 breuius
405 1182 568 1240 contractu.
1006 1191 1008 1198 “

162 1269 275 1330 Vereor
297 1271 406 1346 tamen,
429 1289 466 1328 ne
489 1270 606 1330 iustum
622 1269 746 1329 modum
764 1269 888 1330 excedet
905 1270 1063 1347 praefatio,
1087 1270 1112 1330 si
1127 1283 1253 1334 retusus

93 1357 191 1418 fusior
208 1357 240 1416 in
259 1357 457 1418 describendis
475 1358 521 1418 his
541 1358 749 1435 similibusque
767 1358 917 1419 codicibus
932 1377 995 1419 esse
1009 1359 1113 1434 velim3

92 1466 190 1524 quare
218 1465 268 1507 ecs
298 1447 359 1506 iam
389 1447 594 1524 relinquamus
619 1467 738 1507 necesse
764 1452 818 1522 est,
845 1448 1024 1524 praesertim
1045 1467 1113 1507 cum

94 1536 218 1596 omnino
236 1536 320 1612 nihil,
344 1535 425 1613 quod
444 1536 483 1596 ad
500 1536 686 1596 restituenda
700 1536 857 1596 Laurentii
870 1537 961 1598 verba
979 1536 1112 1612 maisit,

93 1625 180 1686 nobis
201 1625 336 1685 affarent.
373 1625 425 1684 sed
447 1625 483 1684 de
501 1644 562 1685 uno
585 1629 741 1702 praeterea
764 1626 864 1686 codice
882 1624 1041 1685 dicendum
1059 1628 1113 1702 est,

93 1715 149 1791 qui
171 1732 270 1790 pauca
292 1713 347 1772 illa
374 1713 411 1774 de
433 1714 574 1792 Augusto
603 1719 634 1774 ct
657 1714 825 1791 Septembri
847 1714 997 1774 mensibus
1025 1717 1055 1773 et
1077 1713 1114 1773 de

94 1801 233 1864 Caesaris
247 1803 371 1862 fortuna
385 1795 427 1884 (R
439 1823 468 1879 p.
480 1806 509 1879 8,
518 1805 626 1864 3—‘19
638 1796 732 1886 Trou)
747 1804 890 1864 servavit:
905 1802 1035 1864 codicem
1048 1803 1114 1862 Po·

92 1891 251 1952 risinum
269 1910 437 1969 graecum
456 1893 521 1952 854
540 1910 562 1952 s.
576 1892 651 1950 ΧΠΙ
662 1891 876 1969 bombycinum
890 1892 965 1967 dico,
982 1892 1015 1950 in
1030 1892 1114 1952 cuius

92 1981 224 2043 f.5¹il1s
237 1981 385 2058 leguntur.
409 1980 684 2041 commemorandus
700 1984 802 2041 autem
814 1981 863 2041 hic
873 1984 918 2040 est
928 1981 1026 2056 codex,
1041 1980 1114 2057 quia

92 2069 132 2130 ab
153 2068 287 2129 eiusdem
305 2069 472 2147 apographi
490 2069 613 2130 librario
632 2071 762 2130 alterum
776 2089 901 2147 quoque
917 2069 1083 2129 frustulum
1098 2088 1113 2128 e

94 2158 175 2218 libro
191 2157 228 2217 de
241 2158 392 2219 mensibus
405 2159 537 2235 petitum
550 2162 608 2234 est;
631 2159 743 2237 legitur
756 2159 835 2219 enim
851 2159 871 2218 f.
888 2160 950 2218 159
966 2160 1114 2218 tractatus

91 2244 163 2327 περὶ
176 2246 337 2327 Σιβύλλης,
360 2267 450 2324 quem
468 2248 608 2309 editionis
626 2267 709 2309 meaa
728 2268 756 2325 p.
773 2251 846 2324 102,
857 2247 997 2324 5-105‚
1009 2249 1049 2305 12
1069 2246 1114 2304 in-

92 2336 185 2396 serui.
237 2336 320 2412 quod
352 2336 555 2414 fragmentum
588 2337 701 2413 publici
730 2337 804 2396 iuris
836 2336 967 2412 primum
997 2336 1114 2396 lactum

91 2428 141 2486 est
168 2425 201 2484 in
224 2423 357 2485 Orameri
385 2425 537 2486 anecdotis
559 2426 704 2486 Parisinis
731 2430 753 2485 t.
777 2427 793 2484 I
818 2446 847 2502 p.
872 2427 935 2486 332
952 2443 1030 2501 sqq.;
1057 2425 1113 2484 ite·

91 2533 164 2574 rum
185 2513 267 2590 typis
287 2513 489 2574 excudendum
509 2515 626 2576 curavit
639 2515 673 2574 Ε.
687 2514 834 2574 Maassius
855 2514 887 2572 in
911 2515 1054 2590 opusculo
1078 2513 1114 2573 de

94 2603 283 2679 Sibyllarum
304 2602 452 2663 indicibus
480 2604 647 2680 conscripto
670 2623 699 2680 p.
723 2606 765 2663 44
789 2621 841 2680 sq,
864 2603 918 2679 qui
940 2623 969 2679 p.
994 2604 1035 2661 46
1061 2621 1114 2661 au·

91 2692 172 2752 otori
190 2710 308 2768 quoque
328 2692 377 2751 cui
390 2692 517 2751 debetur
533 2693 582 2752 hic
600 2694 749 2751 tractatus
768 2691 978 2770 investigando
992 2710 1114 2767 operam

91 2780 186 2840 dedit.
219 2781 386 2841 coniecerat
400 2784 503 2840 autem
515 2781 577 2841 iam
590 2779 712 2840 Cramer
725 2783 824 2842 totum
837 2801 906 2840 eum
920 2781 1112 2856 desumptum

91 2888 159 2930 esse
182 2888 218 2928 ex
239 2869 351 2929 Ioanne
373 2869 472 2946 Lyd03
495 2889 588 2946 quam
610 2870 812 2930 coniecturam
834 2869 992 2946 adoptavit
1013 2869 1111 2928 Maes-

91 2958 158 3018 sius
186 2957 297 3018 additis
324 2959 371 3019 his
399 2959 596 3036 argumentis:
645 2961 780 3019 constare
808 2958 1048 3034 disquisitionem
1076 2956 1111 3016 de

92 3045 220 3124 Sibyllis
249 3047 281 3106 in
311 3048 411 3108 codice
444 3047 581 3107 Parisino
615 3050 766 3108 servatam
796 3067 812 3106 e
841 3047 936 3107 tribus
966 3045 1113 3124 partibus,

92 3155 224 3214 querum
252 3137 350 3213 prima
379 3137 546 3197 enumerari
577 3136 722 3213 Sibyllae:
763 3136 847 3196 cuius
878 3133 1111 3196 enumerationis

92 3225 211 3287 fontem
229 3244 292 3286 esse
310 3229 441 3286 veterem
460 3225 609 3303 quendam
627 3225 809 3302 Sibyllarum
832 3225 968 3300 indicem,
992 3222 1112 3299 qualem

92 3315 158 3375 iam
180 3314 276 3375 multo
300 3317 370 3374 ante
392 3314 548 3374 Laurentii
575 3317 710 3391 tempora
738 3313 938 3390 conscriptum
965 3312 1056 3371 fixisse
1080 3311 1111 3368 iu

92 3404 134 3464 iis
162 3421 239 3479 quae
266 3403 448 3480 praecedunt
475 3403 691 3465 demonstrauit
716 3402 871 3463 Maassius.
918 3402 1013 3461 altere
1040 3417 1112 3460 vero

91 3495 183 3569 parte
210 3509 356 3552 summam
382 3493 570 3553 oraculorum
590 3491 770 3552 Iudaeorum
798 3490 991 3567 praestringi,
1020 3489 1112 3549 tertia

92 3580 225 3658 denique
239 3581 274 3641 de
289 3581 422 3658 Sibyllae
437 3580 588 3642 Cumanae
607 3600 675 3641 cum
689 3579 852 3656 Tarquinio
870 3597 942 3656 rego
962 3576 1111 3654 colloquio
