2556 3996
461 202 575 258 LIBER
592 203 747 259 TERTIUS
1068 205 1110 270 57

92 369 235 451 κοσίοις,
264 368 349 444 Ζεὺς
373 365 453 432 ἑπτά
476 365 531 432 καλ
556 373 661 432 εἴκοσι
684 365 739 433 καὶ
763 373 998 454 τετρακοσίοις,
1012 368 1148 455 ’Ἇρηςθ

92 471 249 560 τέσσαρσι
272 473 327 538 καὶ
355 473 576 557 ἐννενήκοντα
605 472 661 539 καὶ
693 476 892 559 διακοσίοις,
916 474 1034 553 Ἥλιος
1062 474 1113 541 ἑνὶ

93 577 152 644 καὶ
179 579 334 664 ἑξήκοντα
361 579 416 646 καὶ
448 585 673 666 τετρακοσίοις
699 580 756 647 καὶ
779 585 913 666 χιλίοις,
932 580 1112 668 Ἀφροδίτη

94 686 149 752 ἑνὶ
165 685 219 752 καὶ
236 691 441 772 πεντήκοντα
463 686 518 753 καὶ
543 686 661 753 ἑκατὸν
682 686 738 753 καλ
761 692 896 773 χιλίοις,
915 688 1035 774 Ἑρμῆς
1058 689 1114 771 ὀγ-

95 795 259 878 δοήκοντα
281 796 365 880 πρὸς
387 806 458 871 τοῖς
480 799 720 880 τετρακοσίοις,
752 799 885 880 Σελήνη
908 795 1007 861 πέντε
1030 797 1113 881 πρὸς
1140 814 1153 854 5

93 912 166 978 τοῖς
187 907 328 985 είκοσιν,
357 901 378 984 ή
403 898 440 967 δὲ
462 911 524 967 τοῦ
550 903 674 978 παντὸς
701 900 964 979 ἀποκατάστασις
987 905 1114 985 γίνεται

96 1007 145 1073 δι’
179 1008 261 1074 ἐτῶν
296 1009 472 1094 μυριάδων
508 1006 626 1073 ἑκατὸν
663 1006 890 1093 ἑβδομήκοντα
925 1008 1023 1075 πέντε
1058 1006 1114 1074 καλ

94 1119 291 1201 τρισχιλίοις
308 1116 392 1201 πρὸς
410 1126 479 1192 τοῖς
498 1117 692 1199 διακοσίοις,
715 1114 770 1181 καὶ
788 1119 862 1181 τότε
885 1119 1012 1200 γίνεται
1036 1116 1115 1181 σύν-

96 1224 175 1299 οδος
200 1224 336 1289 πάντων
363 1233 430 1287 τῶν
453 1221 602 1307 ἀστέρων
624 1223 706 1287 κατά
731 1222 792 1305 τήν
817 1224 1018 1308 τριακοστήν
1042 1235 1115 1308 μοί-

96 1353 161 1415 ραν
178 1339 239 1394 τοῦ
261 1331 422 1415 καρκίνον
443 1327 464 1412 ή
487 1329 549 1412 τήν
570 1330 706 1414 πρώτην
728 1338 789 1394 τοῦ
813 1328 959 1407 λέοντος·
982 1328 1038 1394 καλ
1062 1329 1114 1395 ἐπὶ
1129 1350 1155 1390 ιο

96 1432 159 1520 μὲν
181 1445 241 1502 τοῦ
264 1439 425 1521 καρκίνον
447 1433 570 1518 γίνοιτ’
598 1434 641 1500 ἀν
663 1439 901 1521 κατακλυσμός,
925 1435 978 1501 ἐπὶ
999 1433 1036 1502 δὲ
1054 1447 1115 1502 τοῦ

97 1542 230 1619 λεόντος
250 1542 445 1628 ἐκπύρωσις,
469 1539 540 1607 ἀλλ’
565 1541 605 1606 ού
627 1543 791 1626 καθολική
809 1543 892 1608 κατά
910 1545 989 1619 τοὺς
1008 1547 1116 1608 Στωι-

95 1650 190 1733 κούς,
223 1649 339 1734 μερική
370 1644 407 1713 δὲ
436 1648 579 1724 πάντως·
613 1647 752 1724 ἐκείνοις
780 1649 843 1734 γάρ
873 1650 965 1714 δοκεῖ
987 1650 1025 1714 τὸ
1048 1659 1116 1714 πᾶν

97 1757 263 1839 αἰσθητὸν
290 1765 360 1832 τοῖς
389 1755 554 1831 τοιούτοις
585 1754 775 1837 ὑπάγεσθαι
807 1757 1030 1840 καταστήματι
1060 1754 1115 1821 καλ
1228 1753 1231 1762 ’

22 1921 24 1926 .
97 1865 208 1928 αἰτίαν
237 1860 367 1940 ἀξιοῦσι
397 1863 531 1926 διδόναι
559 1861 707 1944 τοιάνδε,
739 1862 776 1926 τὸ
804 1857 841 1926 δὲ
868 1871 935 1926 πᾶν
963 1880 1046 1947 φασι
1068 1868 1114 1951 τῷ
1129 1879 1154 1920 15

97 1969 222 2057 ἀπείρῳ
245 1970 354 2056 χρόνῳ
378 1966 398 2052 ή
421 1978 493 2044 ταῖς
517 1967 721 2054 ἐκπυρώσεσι
743 1979 812 2032 τῶν
830 1967 868 2033 ἐν
891 1967 1024 2055 οὐρανῷ
1047 1993 1116 2052 φω-

98 2080 230 2162 στήρων
248 2074 532 2160 ἀποξηραίνεσθαι
545 2073 566 2157 ή
580 2085 652 2151 ταῖς
672 2073 884 2140 ἐπικλύσεσιν
901 2086 969 2140 τῶν
981 2076 1116 2141 ὑδάτων

97 2186 289 2268 διαχεῖσθαι
310 2180 366 2246 καὶ
389 2183 579 2246 διαπίπτειν
599 2180 663 2246 ἀπὸ
682 2189 740 2264 τής
759 2181 998 2265 ἑπιπλαζούσης
1015 2182 1116 2267 ὑγρό-

97 2314 194 2376 τητος
230 2287 288 2354 καὶ
323 2288 531 2355 ἀναλύεσθαι
566 2286 621 2352 καί
658 2289 695 2353 τὸ
729 2289 890 2371 στεγανὸν
926 2287 1115 2354 ἀπολλύειν.

97 2399 226 2482 ἀνάγκη
244 2405 425 2482 τοιγαροῦν
442 2396 526 2476 πρὸς
545 2391 700 2480 ἑκάτερον
719 2393 861 2479 ἁρμόσαι
879 2396 940 2479 τήν
953 2398 1117 2481 πρόνοιαν
1131 2414 1157 2453 2⁰

98 2504 153 2571 καλ
177 2507 276 2587 δίκην
298 2511 449 2587 γεωργοῦ
472 2510 536 2566 νῦν
565 2497 627 2586 μὲν
656 2499 739 2587 πυρὶ
772 2502 834 2585 τήν
864 2501 901 2567 ἐν
930 2504 1030 2587 βάθει
1060 2512 1118 2586 τής

98 2612 233 2696 φύσεως
254 2609 465 2675 ἐκκαλεῖσθαι
488 2610 687 2693 θερμότητα,
710 2617 775 2672 νῦν
799 2604 836 2672 δὲ
858 2607 957 2673 ὕδατι
978 2610 1040 2693 τήν
1062 2633 1117 2694 με·

98 2716 299 2803 μανωμένην
321 2725 378 2799 τής
401 2724 462 2799 γής
484 2716 662 2800 κατάρδειν
685 2713 854 2801 ξηρότητα.

52 2833 178 2904 RrIIL12
201 2823 251 2888 17.
265 2821 346 2888 Ὅτι
356 2820 515 2906 Ἕλληνες
533 2818 595 2906 μὲν
613 2821 677 2887 ἀπὸ
696 2830 753 2904 τής
771 2819 819 2886 κε’
830 2825 1038 2908 Δεκεμβρίου
1056 2823 1118 2906 τήν
1132 2833 1158 2886 Y

98 2932 206 3018 ἀρχήν
228 2929 403 2997 ἐποιοῦντο
426 2937 487 2994 τοῦ
510 2932 605 3004 ἔτους
627 2931 701 3012 ήτοι
724 2928 786 3011 τήν
808 2931 945 3014 τροπήν,
964 2928 1117 3012 Ῥωμαῖοι
1131 2946 1157 2986 2⁵

99 3035 135 3105 δὲ
155 3039 238 3122 μετά
257 3037 341 3102 ὀκτὼ
361 3034 484 3122 ἡμέρας
502 3035 584 3099 κατά
601 3035 663 3117 τήν
684 3035 820 3120 πρώτην
839 3032 1062 3120 Ἰανουαρίου·
1086 3036 1118 3100 ολ

98 3141 161 3229 μὲν
190 3142 347 3227 Ἕλληνες
383 3142 445 3225 τήν
481 3141 609 3227 τροπήν
645 3141 751 3224 αὐτήν
786 3151 978 3226 τηροῦντες,
1016 3142 1048 3206 οἱ
1063 3141 1067 3146 ’
1081 3136 1118 3206 δὲ

95 3252 249 3336 Ῥωμαῖοι
276 3249 337 3332 τήν
363 3257 424 3314 τοῦ
452 3249 625 3332 γνώμονος
651 3249 749 3312 σκιάν
770 3250 850 3312 πότε
879 3246 1118 3314 συστέλλεσθαι

172 3444 197 3480 v.
214 3429 247 3479 12
268 3423 301 3477 cf.
316 3421 394 3477 Diels
413 3421 534 3492 Doxogr.
553 3440 593 3492 gr.
614 3427 686 3478 468³
705 3427 795 3492 Ssqq.

171 3605 197 3640 v.
217 3591 251 3640 26
270 3581 455 3654 ἰαννουαρίου
473 3600 557 3653 saepe
581 3583 610 3638 Y
666 3567 670 3578 ⁵
