2524 3984
493 166 699 222 PRAEFATIO
1069 165 1109 221 XI

89 353 203 408 ramuS,
233 333 435 394 Laurentiano
462 334 539 395 libro
569 334 605 393 de
630 334 788 394 mensibus.
834 335 874 393 ad
903 335 979 394 hanc
1007 339 1108 394 autem

90 423 330 499 disquisitionem
369 423 585 482 instituendam
625 442 675 486 sex
711 424 830 500 quidem
866 424 960 483 totius
997 425 1108 484 codicis

89 513 190 589 capita
214 512 425 589 distinguenda
448 512 522 570 mihi
544 512 684 572 videntur
706 531 783 572 esse:

156 639 184 695 1.
196 637 275 694 Trou
284 657 312 712 p.
325 637 504 712 3,1-9,13.
528 629 1107 718 περλἈδιαβηνῆς,Αῦγουστείου,ἀτρα-

528 727 671 806 βατικῶν,
707 723 896 806 ἀγαλμάτων,
930 724 1108 806 Αὐγούστου

525 813 630 893 μηνός,
653 813 829 895 Αὐγούστου
852 813 995 894 εὐτυχίας,
1023 811 1110 894 ἀγάλ-

525 926 615 982 ματος
647 901 680 962 ἕν
715 901 819 988 πέτρᾳ,
856 901 1004 984 ἀνδρείας,
1036 900 1106 963 ἄλλο

525 991 592 1068 περὶ
615 995 721 1052 Γετῶν.

157 1084 187 1140 2.
211 1101 240 1156 p.
261 1084 503 1156 9,14-21‚24.
526 1079 593 1160 περὶ
616 1084 736 1158 στηλῶν.

156 1189 186 1246 3.
200 1208 231 1264 p.
247 1189 503 1264 anas-2534.
526 1185 600 1267 ἀρχὴ
627 1195 680 1247 τοῦ
703 1189 722 1266 β
750 1187 899 1267 στοιχείου.
945 1185 1011 1268 περὶ
1038 1191 1110 1268 Βρε-

526 1276 657 1354 ταννίας,
679 1276 817 1357 Βεσβίου,
839 1276 981 1356 Βρεττίας.

156 1367 186 1423 4.
202 1385 231 1440 p.
248 1366 505 1440 25,25—38,21.
529 1363 596 1445 περὶ
624 1365 839 1438 οἰωνοσκοπίας
865 1373 925 1426 τῶν
954 1364 1109 1444 Οῦοίρνων.

527 1458 666 1513 secuntur
696 1455 757 1514 alia
785 1455 822 1513 de
850 1455 983 1531 auguriis
1014 1454 1110 1531 deque

527 1543 712 1604 divinatione
736 1563 771 1602 ex
792 1544 917 1603 ostentis
935 1544 1109 1603 haurienda.

158 1634 187 1692 5.
202 1653 231 1708 p.
247 1633 503 1707 38,22—47,33.
526 1629 593 1711 περὶ
619 1632 822 1712 βρουμαλίων,
855 1629 1002 1711 βισίξτου,
1031 1629 1110 1714 γενέ·

527 1736 599 1793 σεως
636 1719 819 1801 ἀνθρώπου,
856 1720 1018 1798 ποσότητος
1049 1730 1110 1780 τῶν

527 1803 719 1888 τικτομένων,
741 1805 856 1889 Ἴστρου
884 1818 936 1870 τοῦ
964 1818 1110 1888 ποταμοῦ,

527 1895 681 1977 πιπέρεως,
704 1895 790 1976 ἡλίου
815 1897 865 1958 καί
891 1897 1025 1978 σελήνης,
1054 1914 1110 1958 σει-

527 1996 617 2065 σμῶν,
628 1996 776 2066 σκηπτῶν,
786 1987 947 2067 πυρόεντος
954 1996 1110 2066 κεραυνοῦ.

160 2079 189 2135 6.
211 2097 241 2153 p.
261 2078 333 2150 48,1
354 2075 393 2134 ad
415 2075 504 2134 finem
527 2071 568 2153 (p.
589 2072 708 2153 56,19).
747 2078 858 2136 scholia
880 2077 965 2136 varia
986 2077 1019 2134 in
1039 2076 1111 2135 Dio-

527 2165 648 2241 nysium
687 2165 871 2242 periegetam
908 2168 938 2224 et
973 2166 1111 2240 Aratum,

529 2254 676 2330 imprimis
700 2254 900 2330 geographica
919 2257 949 2312 et
967 2251 1032 2334 περὶ
1051 2262 1109 2313 τῶν

529 2341 687 2423 οὐρανίων.

160 2449 227 2508 Iam
249 2469 319 2509 vero
344 2469 379 2508 ex
400 2451 457 2509 hac
480 2450 612 2526 capitum
631 2448 841 2508 distributione
860 2452 996 2525 apparet,
1019 2449 1111 2524 quod-

93 2557 165 2595 nam
181 2539 338 2597 consilium
356 2539 475 2615 ignotus
494 2539 546 2597 ille
564 2541 669 2598 auctor
688 2542 805 2598 secutus
825 2538 873 2612 sit,
896 2557 963 2596 cum
982 2539 1112 2597 codicem

92 2630 231 2685 nostrum
253 2628 301 2686 rel
325 2627 387 2686 eius
406 2629 601 2703 archetypum
619 2627 829 2686 conscriberet:
852 2627 908 2686 hoc
927 2627 1006 2685 enim
1023 2626 1112 2685 habe-

94 2715 150 2774 bat
172 2717 204 2773 in
228 2716 338 2791 animo,
360 2719 395 2773 ut
417 2715 771 2794 glossariumconficeret
788 2715 944 2775 universae
963 2716 1113 2790 scientiae,

95 2805 259 2863 secundum
277 2805 411 2882 singulas
429 2806 546 2864 litteras
565 2806 722 2881 digestum,
745 2804 777 2862 id
795 2804 874 2881 quod
893 2804 1114 2864 demonstratur

95 2894 186 2968 primi
210 2895 318 2971 capitis
340 2894 452 2969 titulis,
479 2895 531 2970 qui
550 2895 588 2952 ad
611 2915 703 2952 unum
730 2912 832 2954 omnes
855 2912 873 2951 a
900 2893 1003 2952 littera
1026 2897 1045 2951 ἆ
1068 2893 1113 2951 in·

95 2982 225 3058 cipiunt,
249 2985 279 3041 et
301 2984 391 3043 tertio
415 2984 526 3060 capite,
549 2983 632 3042 cuius
655 2983 741 3043 initio
765 2982 949 3058 adscriptum
972 2985 1017 3041 est
1040 2979 1113 3061 ἀρχὴ

94 3111 147 3150 του
171 3091 191 3168 β
215 3089 371 3168 στοιχείου,
398 3090 529 3167 itemque
556 3109 676 3150 monere
704 3090 807 3164 licent,
834 3109 863 3164 p.
887 3091 991 3161 46,25
1015 3088 1114 3164 prima

94 3181 245 3238 tractatus
267 3177 332 3258 περλ
356 3177 516 3259 πυρόεντος
543 3187 690 3258 κεραυνοῦ
712 3177 803 3238 verba
826 3195 889 3236 esse
916 3174 1114 3254 προέφθημεν

96 3268 140 3340 είς
163 3266 237 3327 ecs
267 3273 409 3346 στοιχεῖον
439 3266 570 3338 εἰπόντες
599 3264 666 3345 περί
695 3274 841 3344 σκηπτῶν.
887 3285 983 3342 neque
1012 3269 1114 3324 tamen

94 3357 257 3416 materiam
279 3357 449 3416 institutam
477 3357 516 3416 ad
542 3355 632 3414 finem
659 3355 798 3432 perduxit
825 3358 942 3424 auctor,
969 3355 1020 3413 sed
1047 3373 1115 3412 cum

94 3446 237 3519 vidisset,
259 3465 320 3504 non
341 3447 418 3520 fore,
440 3449 475 3504 ut
498 3464 572 3521 opus
595 3445 675 3520 quod
703 3447 842 3520 coeperat
868 3444 1049 3518 absolveret,
1080 3462 1115 3502 ea

98 3553 179 3612 quae
202 3535 328 3594 collecta
350 3535 479 3594 habebat
505 3534 538 3592 in
565 3554 657 3592 unum
685 3533 860 3609 conscripsit
887 3532 1030 3608 codicem,
1058 3532 1115 3590 dis-
