<?xml version="1.0" encoding="UTF-8"?>
<!DOCTYPE html PUBLIC "-//W3C//DTD XHTML 1.0 Transitional//EN"
    "http://www.w3.org/TR/xhtml1/DTD/xhtml1-transitional.dtd">
<html xmlns="http://www.w3.org/1999/xhtml" xml:lang="en" lang="en">
 <head>
  <title>
</title>
<meta http-equiv="Content-Type" content="text/html;charset=utf-8" />
  <meta name='ocr-system' content='tesseract 3.04.00' />
  <meta name='ocr-capabilities' content='ocr_page ocr_carea ocr_par ocr_line ocrx_word'/>
</head>
<body>
  <div class='ocr_page' id='page_1' title='image "./ioannislaurenti01wuengoog_0090.png"; bbox 0 0 2524 3984; ppageno 0'>
   <div class='ocr_carea' id='block_1_1' title="bbox 507 185 1121 268">
    <p class='ocr_par' dir='ltr' id='par_1_1' title="bbox 507 185 1121 268">
     <span class='ocr_line' id='line_1_1' title="bbox 507 185 1121 268; baseline 0.002 -3"><span class='ocrx_word' id='word_1_1' title='bbox 507 211 713 267; x_wconf 70' lang='lat' dir='ltr'>Penariae</span> <span class='ocrx_word' id='word_1_2' title='bbox 982 185 1121 268; x_wconf 70' lang='lat' dir='ltr'>n&#39;xxxm</span> 
     </span>
    </p>
   </div>
   <div class='ocr_carea' id='block_1_2' title="bbox 99 379 1131 458">
    <p class='ocr_par' dir='ltr' id='par_1_2' title="bbox 99 379 1131 458">
     <span class='ocr_line' id='line_1_2' title="bbox 99 379 1131 458; baseline 0.008 -19"><span class='ocrx_word' id='word_1_3' title='bbox 99 399 150 454; x_wconf 90' lang='lat' dir='ltr'>ea,</span> <span class='ocrx_word' id='word_1_4' title='bbox 177 381 226 439; x_wconf 89' lang='lat' dir='ltr'>cui</span> <span class='ocrx_word' id='word_1_5' title='bbox 248 379 365 457; x_wconf 91' lang='lat' dir='ltr'>primus</span> <span class='ocrx_word' id='word_1_6' title='bbox 391 380 585 441; x_wconf 82' lang='lat' dir='ltr'><strong>hebdomadis</strong></span> <span class='ocrx_word' id='word_1_7' title='bbox 613 380 675 440; x_wconf 91' lang='lat' dir='ltr'>dies</span> <span class='ocrx_word' id='word_1_8' title='bbox 704 382 946 457; x_wconf 88' lang='lat' dir='ltr'>consecrabatur,</span> <span class='ocrx_word' id='word_1_9' title='bbox 974 381 1025 442; x_wconf 85' lang='lat' dir='ltr'>Sol</span> <span class='ocrx_word' id='word_1_10' title='bbox 1049 387 1131 458; x_wconf 86' lang='lat' dir='ltr'>erat,</span> 
     </span>
    </p>
   </div>
   <div class='ocr_carea' id='block_1_3' title="bbox 100 468 1207 549">
    <p class='ocr_par' dir='ltr' id='par_1_3' title="bbox 100 468 1207 549">
     <span class='ocr_line' id='line_1_3' title="bbox 100 468 1207 549; baseline -0.001 -21"><span class='ocrx_word' id='word_1_11' title='bbox 100 470 189 528; x_wconf 89' lang='lat' dir='ltr'>cuius</span> <span class='ocrx_word' id='word_1_12' title='bbox 213 489 323 528; x_wconf 85' lang='lat' dir='ltr'>arcana</span> <span class='ocrx_word' id='word_1_13' title='bbox 346 469 468 528; x_wconf 92' lang='lat' dir='ltr'>nomina</span> <span class='ocrx_word' id='word_1_14' title='bbox 496 469 581 529; x_wconf 87' lang='lat' dir='ltr'>nobis</span> <span class='ocrx_word' id='word_1_15' title='bbox 604 469 699 528; x_wconf 88' lang='lat' dir='ltr'>tradit</span> <span class='ocrx_word' id='word_1_16' title='bbox 723 468 742 545; x_wconf 62' lang='grc' dir='ltr'>ᾗ</span> <span class='ocrx_word' id='word_1_17' title='bbox 762 472 794 546; x_wconf 84' lang='grc'>5,</span> <span class='ocrx_word' id='word_1_18' title='bbox 822 490 889 530; x_wconf 91' lang='lat' dir='ltr'>cum</span> <span class='ocrx_word' id='word_1_19' title='bbox 914 469 932 547; x_wconf 63' lang='grc' dir='ltr'>ξ</span> <span class='ocrx_word' id='word_1_20' title='bbox 953 475 971 532; x_wconf 91' lang='grc'><strong>6</strong></span> <span class='ocrx_word' id='word_1_21' title='bbox 996 472 1032 530; x_wconf 89' lang='lat' dir='ltr'>de</span> <span class='ocrx_word' id='word_1_22' title='bbox 1056 472 1122 549; x_wconf 87' lang='lat' dir='ltr'>ipsa</span> <span class='ocrx_word' id='word_1_23' title='bbox 1203 511 1207 527; x_wconf 92' lang='lat'><em>.</em></span> 
     </span>
    </p>
   </div>
   <div class='ocr_carea' id='block_1_4' title="bbox 99 557 1121 636">
    <p class='ocr_par' dir='ltr' id='par_1_4' title="bbox 99 557 1121 636">
     <span class='ocr_line' id='line_1_4' title="bbox 99 557 1121 636; baseline 0.003 -20"><span class='ocrx_word' id='word_1_24' title='bbox 99 562 173 636; x_wconf 86' lang='lat' dir='ltr'>agat</span> <span class='ocrx_word' id='word_1_25' title='bbox 197 559 429 632; x_wconf 88' lang='lat' dir='ltr'>consecratione,</span> <span class='ocrx_word' id='word_1_26' title='bbox 452 561 483 617; x_wconf 86' lang='lat' dir='ltr'>et</span> <span class='ocrx_word' id='word_1_27' title='bbox 500 559 592 617; x_wconf 85' lang='lat' dir='ltr'>simili</span> <span class='ocrx_word' id='word_1_28' title='bbox 609 559 697 617; x_wconf 92' lang='lat' dir='ltr'>modo</span> <span class='ocrx_word' id='word_1_29' title='bbox 720 557 760 634; x_wconf 59' lang='grc' dir='ltr'>ἐξ</span> <span class='ocrx_word' id='word_1_30' title='bbox 781 562 888 619; x_wconf 81' lang='lat'>7-12</span> <span class='ocrx_word' id='word_1_31' title='bbox 910 561 1121 636; x_wconf 75' lang='lat' dir='ltr'>demonstrent,</span> 
     </span>
    </p>
   </div>
   <div class='ocr_carea' id='block_1_5' title="bbox 100 647 1232 724">
    <p class='ocr_par' dir='ltr' id='par_1_5' title="bbox 100 647 1232 724">
     <span class='ocr_line' id='line_1_5' title="bbox 100 647 1232 724; baseline 0.001 -18"><span class='ocrx_word' id='word_1_32' title='bbox 100 648 266 706; x_wconf 90' lang='lat' dir='ltr'>secundum</span> <span class='ocrx_word' id='word_1_33' title='bbox 290 647 369 706; x_wconf 93' lang='lat' dir='ltr'>diem</span> <span class='ocrx_word' id='word_1_34' title='bbox 391 647 504 723; x_wconf 89' lang='lat' dir='ltr'>Lunae,</span> <span class='ocrx_word' id='word_1_35' title='bbox 527 647 652 706; x_wconf 89' lang='lat' dir='ltr'>tertium</span> <span class='ocrx_word' id='word_1_36' title='bbox 675 648 774 723; x_wconf 85' lang='lat' dir='ltr'>Marti,</span> <span class='ocrx_word' id='word_1_37' title='bbox 799 651 941 724; x_wconf 87' lang='lat' dir='ltr'>quartum</span> <span class='ocrx_word' id='word_1_38' title='bbox 964 649 1122 723; x_wconf 80' lang='lat' dir='ltr'>Mercurio,</span> <span class='ocrx_word' id='word_1_39' title='bbox 1229 649 1232 660; x_wconf 90' lang='lat'>&#39;</span> 
     </span>
    </p>
   </div>
   <div class='ocr_carea' id='block_1_6' title="bbox 96 735 1167 3728">
    <p class='ocr_par' dir='ltr' id='par_1_6' title="bbox 96 735 1167 2945">
     <span class='ocr_line' id='line_1_6' title="bbox 98 735 1120 812; baseline 0.002 -18"><span class='ocrx_word' id='word_1_40' title='bbox 98 737 241 812; x_wconf 91' lang='lat' dir='ltr'>quintum</span> <span class='ocrx_word' id='word_1_41' title='bbox 268 736 348 811; x_wconf 82' lang='lat' dir='ltr'>Iovi,</span> <span class='ocrx_word' id='word_1_42' title='bbox 379 739 503 794; x_wconf 87' lang='lat' dir='ltr'>sextum·</span> <span class='ocrx_word' id='word_1_43' title='bbox 523 735 648 811; x_wconf 90' lang='lat' dir='ltr'>Veneri,</span> <span class='ocrx_word' id='word_1_44' title='bbox 679 737 839 812; x_wconf 88' lang='lat' dir='ltr'>septimum</span> <span class='ocrx_word' id='word_1_45' title='bbox 869 736 998 796; x_wconf 80' lang='lat' dir='ltr'>Saturno</span> <span class='ocrx_word' id='word_1_46' title='bbox 1027 738 1120 796; x_wconf 91' lang='lat' dir='ltr'>fuisse</span> 
     </span>
     <span class='ocr_line' id='line_1_7' title="bbox 97 825 1121 902; baseline 0.003 -19"><span class='ocrx_word' id='word_1_47' title='bbox 97 825 240 884; x_wconf 90' lang='lat' dir='ltr'>dicatum.</span> <span class='ocrx_word' id='word_1_48' title='bbox 287 828 357 885; x_wconf 90' lang='lat' dir='ltr'>sunt</span> <span class='ocrx_word' id='word_1_49' title='bbox 380 828 482 884; x_wconf 85' lang='lat' dir='ltr'>autem</span> <span class='ocrx_word' id='word_1_50' title='bbox 505 825 575 900; x_wconf 91' lang='lat' dir='ltr'>hae,</span> <span class='ocrx_word' id='word_1_51' title='bbox 604 843 680 901; x_wconf 89' lang='lat' dir='ltr'>quas</span> <span class='ocrx_word' id='word_1_52' title='bbox 703 826 791 885; x_wconf 90' lang='lat' dir='ltr'>modo</span> <span class='ocrx_word' id='word_1_53' title='bbox 821 827 1005 901; x_wconf 78' lang='lat' dir='ltr'>enumeravi,</span> <span class='ocrx_word' id='word_1_54' title='bbox 1033 845 1121 902; x_wconf 91' lang='lat' dir='ltr'>para·</span> 
     </span>
     <span class='ocr_line' id='line_1_8' title="bbox 99 914 1121 992; baseline 0.001 -19"><span class='ocrx_word' id='word_1_55' title='bbox 99 914 210 992; x_wconf 81' lang='lat' dir='ltr'>graphi</span> <span class='ocrx_word' id='word_1_56' title='bbox 233 933 334 973; x_wconf 88' lang='lat' dir='ltr'>omnes</span> <span class='ocrx_word' id='word_1_57' title='bbox 358 914 490 972; x_wconf 86' lang='lat' dir='ltr'>eiusdem</span> <span class='ocrx_word' id='word_1_58' title='bbox 513 915 639 991; x_wconf 87' lang='lat' dir='ltr'>generis,</span> <span class='ocrx_word' id='word_1_59' title='bbox 662 914 707 972; x_wconf 84' lang='lat' dir='ltr'>ita</span> <span class='ocrx_word' id='word_1_60' title='bbox 730 917 766 972; x_wconf 89' lang='lat' dir='ltr'>ut</span> <span class='ocrx_word' id='word_1_61' title='bbox 788 915 825 974; x_wconf 89' lang='lat' dir='ltr'>de</span> <span class='ocrx_word' id='word_1_62' title='bbox 848 915 886 974; x_wconf 84' lang='lat' dir='ltr'>iis</span> <span class='ocrx_word' id='word_1_63' title='bbox 904 916 993 991; x_wconf 88' lang='lat' dir='ltr'>plura</span> <span class='ocrx_word' id='word_1_64' title='bbox 1013 916 1121 974; x_wconf 79' lang='lat' dir='ltr'>addere</span> 
     </span>
     <span class='ocr_line' id='line_1_9' title="bbox 96 1001 1122 1082; baseline 0.001 -21"><span class='ocrx_word' id='word_1_65' title='bbox 96 1021 218 1062; x_wconf 87' lang='lat' dir='ltr'>necesse</span> <span class='ocrx_word' id='word_1_66' title='bbox 245 1021 305 1061; x_wconf 94' lang='lat' dir='ltr'>non</span> <span class='ocrx_word' id='word_1_67' title='bbox 333 1003 386 1062; x_wconf 87' lang='lat' dir='ltr'>sit:</span> <span class='ocrx_word' id='word_1_68' title='bbox 415 1001 633 1061; x_wconf 79' lang='lat' dir='ltr'>Chaldaeorum</span> <span class='ocrx_word' id='word_1_69' title='bbox 660 1003 740 1061; x_wconf 88' lang='lat' dir='ltr'>enim</span> <span class='ocrx_word' id='word_1_70' title='bbox 763 1003 1055 1082; x_wconf 76' lang='lat' dir='ltr'>Aegyptiorumque,</span> <span class='ocrx_word' id='word_1_71' title='bbox 1084 1005 1122 1062; x_wconf 90' lang='lat' dir='ltr'>ad</span> 
     </span>
     <span class='ocr_line' id='line_1_10' title="bbox 98 1091 1121 1169; baseline 0.001 -18"><span class='ocrx_word' id='word_1_72' title='bbox 98 1111 175 1168; x_wconf 92' lang='lat' dir='ltr'>quos</span> <span class='ocrx_word' id='word_1_73' title='bbox 199 1092 264 1168; x_wconf 92' lang='lat' dir='ltr'>ipse</span> <span class='ocrx_word' id='word_1_74' title='bbox 287 1091 468 1150; x_wconf 86' lang='lat' dir='ltr'>Laurentius</span> <span class='ocrx_word' id='word_1_75' title='bbox 496 1095 641 1166; x_wconf 85' lang='lat' dir='ltr'>provocat</span> <span class='ocrx_word' id='word_1_76' title='bbox 663 1094 768 1162; x_wconf 87' lang='lat' dir='ltr'>testes,</span> <span class='ocrx_word' id='word_1_77' title='bbox 797 1093 977 1169; x_wconf 88' lang='lat' dir='ltr'>sapientiam</span> <span class='ocrx_word' id='word_1_78' title='bbox 1001 1096 1121 1152; x_wconf 86' lang='lat' dir='ltr'>secutus</span> 
     </span>
     <span class='ocr_line' id='line_1_11' title="bbox 98 1180 1121 1259; baseline 0.001 -20"><span class='ocrx_word' id='word_1_79' title='bbox 98 1182 164 1259; x_wconf 87' lang='lat' dir='ltr'>agit</span> <span class='ocrx_word' id='word_1_80' title='bbox 188 1181 224 1239; x_wconf 91' lang='lat' dir='ltr'>de</span> <span class='ocrx_word' id='word_1_81' title='bbox 249 1183 358 1239; x_wconf 84' lang='lat' dir='ltr'>nature</span> <span class='ocrx_word' id='word_1_82' title='bbox 381 1181 537 1257; x_wconf 89' lang='lat' dir='ltr'>planetae,</span> <span class='ocrx_word' id='word_1_83' title='bbox 561 1180 597 1238; x_wconf 92' lang='lat' dir='ltr'>de</span> <span class='ocrx_word' id='word_1_84' title='bbox 619 1181 650 1240; x_wconf 86' lang='lat' dir='ltr'>vi</span> <span class='ocrx_word' id='word_1_85' title='bbox 674 1180 731 1254; x_wconf 89' lang='lat' dir='ltr'>dei,</span> <span class='ocrx_word' id='word_1_86' title='bbox 759 1181 811 1256; x_wconf 90' lang='lat' dir='ltr'>qui</span> <span class='ocrx_word' id='word_1_87' title='bbox 833 1182 880 1240; x_wconf 87' lang='lat' dir='ltr'>illi</span> <span class='ocrx_word' id='word_1_88' title='bbox 902 1183 1061 1258; x_wconf 81' lang='lat' dir='ltr'>praesidet,</span> <span class='ocrx_word' id='word_1_89' title='bbox 1085 1183 1121 1240; x_wconf 90' lang='lat' dir='ltr'>de</span> 
     </span>
     <span class='ocr_line' id='line_1_12' title="bbox 96 1269 1121 1345; baseline 0.002 -17"><span class='ocrx_word' id='word_1_90' title='bbox 96 1270 200 1329; x_wconf 87' lang='lat' dir='ltr'>indole</span> <span class='ocrx_word' id='word_1_91' title='bbox 223 1269 340 1328; x_wconf 88' lang='lat' dir='ltr'>numeri</span> <span class='ocrx_word' id='word_1_92' title='bbox 363 1269 507 1345; x_wconf 88' lang='lat' dir='ltr'>cuiusque</span> <span class='ocrx_word' id='word_1_93' title='bbox 536 1269 603 1327; x_wconf 88' lang='lat' dir='ltr'>diei.</span> <span class='ocrx_word' id='word_1_94' title='bbox 649 1269 803 1344; x_wconf 89' lang='lat' dir='ltr'>profertur</span> <span class='ocrx_word' id='word_1_95' title='bbox 831 1273 935 1329; x_wconf 88' lang='lat' dir='ltr'>autem</span> <span class='ocrx_word' id='word_1_96' title='bbox 958 1271 1053 1330; x_wconf 89' lang='lat' dir='ltr'>omnis</span> <span class='ocrx_word' id='word_1_97' title='bbox 1075 1271 1121 1330; x_wconf 92' lang='lat' dir='ltr'>in·</span> 
     </span>
     <span class='ocr_line' id='line_1_13' title="bbox 98 1358 1167 1437; baseline 0.001 -19"><span class='ocrx_word' id='word_1_98' title='bbox 98 1378 173 1418; x_wconf 86' lang='lat' dir='ltr'>sana</span> <span class='ocrx_word' id='word_1_99' title='bbox 193 1358 330 1418; x_wconf 89' lang='lat' dir='ltr'>doctrina</span> <span class='ocrx_word' id='word_1_100' title='bbox 348 1358 604 1434; x_wconf 87' lang='lat' dir='ltr'>philosophorum,</span> <span class='ocrx_word' id='word_1_101' title='bbox 623 1377 698 1434; x_wconf 91' lang='lat' dir='ltr'>quos</span> <span class='ocrx_word' id='word_1_102' title='bbox 717 1359 897 1418; x_wconf 73' lang='lat' dir='ltr'>recentiores</span> <span class='ocrx_word' id='word_1_103' title='bbox 916 1360 1121 1437; x_wconf 88' lang='lat' dir='ltr'>Pythagoreos</span> <span class='ocrx_word' id='word_1_104' title='bbox 1157 1393 1167 1410; x_wconf 58' lang='grc' dir='ltr'><strong>ι</strong></span> 
     </span>
     <span class='ocr_line' id='line_1_14' title="bbox 98 1447 1120 1526; baseline 0 -20"><span class='ocrx_word' id='word_1_105' title='bbox 98 1451 127 1506; x_wconf 89' lang='lat' dir='ltr'>et</span> <span class='ocrx_word' id='word_1_106' title='bbox 150 1447 324 1506; x_wconf 84' lang='lat' dir='ltr'>Platonicos</span> <span class='ocrx_word' id='word_1_107' title='bbox 353 1447 483 1506; x_wconf 88' lang='lat' dir='ltr'>solemus</span> <span class='ocrx_word' id='word_1_108' title='bbox 512 1447 622 1522; x_wconf 89' lang='lat' dir='ltr'>dicere,</span> <span class='ocrx_word' id='word_1_109' title='bbox 649 1447 741 1506; x_wconf 87' lang='lat' dir='ltr'>verba</span> <span class='ocrx_word' id='word_1_110' title='bbox 768 1447 828 1524; x_wconf 89' lang='lat' dir='ltr'>ipsi</span> <span class='ocrx_word' id='word_1_111' title='bbox 850 1448 1040 1526; x_wconf 84' lang='lat' dir='ltr'>Pythagorae</span> <span class='ocrx_word' id='word_1_112' title='bbox 1066 1449 1120 1507; x_wconf 89' lang='lat' dir='ltr'>im-</span> 
     </span>
     <span class='ocr_line' id='line_1_15' title="bbox 97 1535 1120 1613; baseline 0.001 -18"><span class='ocrx_word' id='word_1_113' title='bbox 97 1540 208 1613; x_wconf 89' lang='lat' dir='ltr'>putata</span> <span class='ocrx_word' id='word_1_114' title='bbox 232 1540 262 1594; x_wconf 92' lang='lat' dir='ltr'>et</span> <span class='ocrx_word' id='word_1_115' title='bbox 285 1537 451 1595; x_wconf 84' lang='lat' dir='ltr'>sententiae</span> <span class='ocrx_word' id='word_1_116' title='bbox 470 1535 605 1595; x_wconf 86' lang='lat' dir='ltr'>Platonis</span> <span class='ocrx_word' id='word_1_117' title='bbox 630 1536 791 1612; x_wconf 79' lang='lat' dir='ltr'>genuinae3</span> <span class='ocrx_word' id='word_1_118' title='bbox 816 1541 974 1596; x_wconf 88' lang='lat' dir='ltr'>occurrunt</span> <span class='ocrx_word' id='word_1_119' title='bbox 996 1537 1120 1596; x_wconf 90' lang='lat' dir='ltr'>testium</span> 
     </span>
     <span class='ocr_line' id='line_1_16' title="bbox 98 1622 1120 1700; baseline 0 -16"><span class='ocrx_word' id='word_1_120' title='bbox 98 1625 222 1684; x_wconf 90' lang='lat' dir='ltr'>nomina</span> <span class='ocrx_word' id='word_1_121' title='bbox 255 1625 407 1685; x_wconf 88' lang='lat' dir='ltr'>Zoroastri</span> <span class='ocrx_word' id='word_1_122' title='bbox 439 1622 551 1700; x_wconf 87' lang='lat' dir='ltr'>Orphei</span> <span class='ocrx_word' id='word_1_123' title='bbox 582 1624 733 1700; x_wconf 82' lang='lat' dir='ltr'>Archytae</span> <span class='ocrx_word' id='word_1_124' title='bbox 766 1625 896 1685; x_wconf 89' lang='lat' dir='ltr'>Philolai</span> <span class='ocrx_word' id='word_1_125' title='bbox 929 1624 1031 1685; x_wconf 89' lang='lat' dir='ltr'>Ocelli.</span> <span class='ocrx_word' id='word_1_126' title='bbox 1078 1627 1120 1685; x_wconf 88' lang='lat' dir='ltr'>sic</span> 
     </span>
     <span class='ocr_line' id='line_1_17' title="bbox 98 1713 1119 1791; baseline -0.001 -18"><span class='ocrx_word' id='word_1_127' title='bbox 98 1714 216 1790; x_wconf 89' lang='lat' dir='ltr'>septeni</span> <span class='ocrx_word' id='word_1_128' title='bbox 240 1713 311 1788; x_wconf 91' lang='lat' dir='ltr'>dies,</span> <span class='ocrx_word' id='word_1_129' title='bbox 338 1714 491 1790; x_wconf 88' lang='lat' dir='ltr'>planetae,</span> <span class='ocrx_word' id='word_1_130' title='bbox 519 1713 570 1788; x_wconf 91' lang='lat' dir='ltr'>dii,</span> <span class='ocrx_word' id='word_1_131' title='bbox 598 1716 769 1773; x_wconf 89' lang='lat' dir='ltr'>tractantur</span> <span class='ocrx_word' id='word_1_132' title='bbox 791 1735 844 1790; x_wconf 89' lang='lat' dir='ltr'>per</span> <span class='ocrx_word' id='word_1_133' title='bbox 872 1717 1009 1791; x_wconf 85' lang='lat' dir='ltr'>septenas</span> <span class='ocrx_word' id='word_1_134' title='bbox 1033 1734 1119 1790; x_wconf 89' lang='lat' dir='ltr'>para-</span> 
     </span>
     <span class='ocr_line' id='line_1_18' title="bbox 99 1802 1121 1880; baseline 0.002 -20"><span class='ocrx_word' id='word_1_135' title='bbox 99 1803 243 1880; x_wconf 85' lang='lat' dir='ltr'>graphos,</span> <span class='ocrx_word' id='word_1_136' title='bbox 276 1803 404 1878; x_wconf 88' lang='lat' dir='ltr'>septima</span> <span class='ocrx_word' id='word_1_137' title='bbox 437 1805 538 1860; x_wconf 86' lang='lat' dir='ltr'>autem</span> <span class='ocrx_word' id='word_1_138' title='bbox 571 1802 708 1862; x_wconf 83' lang='lat' dir='ltr'>absoluta</span> <span class='ocrx_word' id='word_1_139' title='bbox 737 1802 813 1862; x_wconf 90' lang='lat' dir='ltr'>liber</span> <span class='ocrx_word' id='word_1_140' title='bbox 843 1804 988 1864; x_wconf 88' lang='lat' dir='ltr'>secundus</span> <span class='ocrx_word' id='word_1_141' title='bbox 1015 1803 1121 1862; x_wconf 86' lang='lat' dir='ltr'>finitur</span> 
     </span>
     <span class='ocr_line' id='line_1_19' title="bbox 98 1891 1121 1968; baseline -0.001 -17"><span class='ocrx_word' id='word_1_142' title='bbox 98 1893 258 1968; x_wconf 87' lang='lat' dir='ltr'>prospectu</span> <span class='ocrx_word' id='word_1_143' title='bbox 289 1892 419 1968; x_wconf 91' lang='lat' dir='ltr'>quodam</span> <span class='ocrx_word' id='word_1_144' title='bbox 445 1891 478 1949; x_wconf 93' lang='lat' dir='ltr'>in</span> <span class='ocrx_word' id='word_1_145' title='bbox 505 1891 663 1949; x_wconf 89' lang='lat' dir='ltr'>materiam</span> <span class='ocrx_word' id='word_1_146' title='bbox 694 1891 764 1950; x_wconf 90' lang='lat' dir='ltr'>libri</span> <span class='ocrx_word' id='word_1_147' title='bbox 795 1892 879 1951; x_wconf 86' lang='lat' dir='ltr'>tertii</span> <span class='ocrx_word' id='word_1_148' title='bbox 911 1893 1005 1968; x_wconf 88' lang='lat' dir='ltr'>facto,</span> <span class='ocrx_word' id='word_1_149' title='bbox 1037 1893 1121 1952; x_wconf 90' lang='lat' dir='ltr'>haud</span> 
     </span>
     <span class='ocr_line' id='line_1_20' title="bbox 98 1980 1118 2057; baseline 0.001 -18"><span class='ocrx_word' id='word_1_150' title='bbox 98 1983 172 2040; x_wconf 90' lang='lat' dir='ltr'>bene</span> <span class='ocrx_word' id='word_1_151' title='bbox 197 2000 266 2040; x_wconf 93' lang='lat' dir='ltr'>cum</span> <span class='ocrx_word' id='word_1_152' title='bbox 287 1981 325 2040; x_wconf 88' lang='lat' dir='ltr'>iis</span> <span class='ocrx_word' id='word_1_153' title='bbox 354 1999 431 2057; x_wconf 90' lang='lat' dir='ltr'>quae</span> <span class='ocrx_word' id='word_1_154' title='bbox 459 1980 640 2039; x_wconf 89' lang='lat' dir='ltr'>antecedunt</span> <span class='ocrx_word' id='word_1_155' title='bbox 664 1980 773 2039; x_wconf 89' lang='lat' dir='ltr'>—ita</span> <span class='ocrx_word' id='word_1_156' title='bbox 796 1983 831 2038; x_wconf 89' lang='lat' dir='ltr'>ut</span> <span class='ocrx_word' id='word_1_157' title='bbox 854 1981 1040 2040; x_wconf 89' lang='lat' dir='ltr'>intercidisse</span> <span class='ocrx_word' id='word_1_158' title='bbox 1065 1982 1118 2041; x_wconf 90' lang='lat' dir='ltr'>ali-</span> 
     </span>
     <span class='ocr_line' id='line_1_21' title="bbox 98 2066 1117 2151; baseline 0.001 -23"><span class='ocrx_word' id='word_1_159' title='bbox 98 2071 171 2146; x_wconf 92' lang='lat' dir='ltr'>quid</span> <span class='ocrx_word' id='word_1_160' title='bbox 190 2072 353 2146; x_wconf 90' lang='lat' dir='ltr'>pateat-</span> <span class='ocrx_word' id='word_1_161' title='bbox 369 2069 538 2128; x_wconf 87' lang='lat' dir='ltr'>coniuncto:</span> <span class='ocrx_word' id='word_1_162' title='bbox 563 2088 670 2128; x_wconf 88' lang='lat' dir='ltr'>aevum</span> <span class='ocrx_word' id='word_1_163' title='bbox 689 2069 768 2126; x_wconf 91' lang='lat' dir='ltr'>enim</span> <span class='ocrx_word' id='word_1_164' title='bbox 787 2069 891 2129; x_wconf 89' lang='lat' dir='ltr'>confici</span> <span class='ocrx_word' id='word_1_165' title='bbox 910 2071 954 2128; x_wconf 84' lang='lat' dir='ltr'>ait</span> <span class='ocrx_word' id='word_1_166' title='bbox 971 2067 1000 2142; x_wconf 82' lang='grc' dir='ltr'>ἐξ</span> <span class='ocrx_word' id='word_1_167' title='bbox 1021 2066 1117 2151; x_wconf 82' lang='grc' dir='ltr'><em>ὡρῶν,</em></span> 
     </span>
     <span class='ocr_line' id='line_1_22' title="bbox 99 2150 1118 2238; baseline 0 -20"><span class='ocrx_word' id='word_1_168' title='bbox 99 2153 159 2218; x_wconf 75' lang='grc' dir='ltr'>εἶτα</span> <span class='ocrx_word' id='word_1_169' title='bbox 183 2155 312 2238; x_wconf 80' lang='grc' dir='ltr'><em>ἡμερῶν,</em></span> <span class='ocrx_word' id='word_1_170' title='bbox 335 2150 396 2217; x_wconf 76' lang='grc' dir='ltr'><strong><em>εἶτα</em></strong></span> <span class='ocrx_word' id='word_1_171' title='bbox 418 2155 602 2236; x_wconf 78' lang='grc' dir='ltr'><em>ἑβδομάδων,</em></span> <span class='ocrx_word' id='word_1_172' title='bbox 630 2155 728 2216; x_wconf 72' lang='grc' dir='ltr'><em>ἔπειτα</em></span> <span class='ocrx_word' id='word_1_173' title='bbox 751 2163 865 2235; x_wconf 80' lang='grc' dir='ltr'><em>μηνῶν,</em></span> <span class='ocrx_word' id='word_1_174' title='bbox 889 2151 950 2218; x_wconf 76' lang='grc' dir='ltr'><em>εἶτα</em></span> <span class='ocrx_word' id='word_1_175' title='bbox 972 2155 1118 2218; x_wconf 81' lang='grc' dir='ltr'><em>ἐνιαυτῶν</em></span> 
     </span>
     <span class='ocr_line' id='line_1_23' title="bbox 98 2239 1118 2327; baseline -0.001 -20"><span class='ocrx_word' id='word_1_176' title='bbox 98 2245 241 2307; x_wconf 70' lang='grc' dir='ltr'><em>κάκεῖθεν</em></span> <span class='ocrx_word' id='word_1_177' title='bbox 259 2251 371 2327; x_wconf 78' lang='grc' dir='ltr'><em>καιρῶν</em></span> <span class='ocrx_word' id='word_1_178' title='bbox 389 2244 439 2306; x_wconf 75' lang='grc' dir='ltr'>καὶ</span> <span class='ocrx_word' id='word_1_179' title='bbox 457 2245 489 2305; x_wconf 84' lang='grc' dir='ltr'>τὸ</span> <span class='ocrx_word' id='word_1_180' title='bbox 509 2245 613 2306; x_wconf 81' lang='grc' dir='ltr'><em>λοιπὸν</em></span> <span class='ocrx_word' id='word_1_181' title='bbox 632 2246 750 2305; x_wconf 85' lang='grc' dir='ltr'><em>αἰώνων</em></span> <span class='ocrx_word' id='word_1_182' title='bbox 769 2239 823 2327; x_wconf 85' lang='lat'>(11,</span> <span class='ocrx_word' id='word_1_183' title='bbox 840 2250 879 2306; x_wconf 81' lang='lat'>12</span> <span class='ocrx_word' id='word_1_184' title='bbox 892 2244 987 2325; x_wconf 76' lang='lat' dir='ltr'>extr).</span> <span class='ocrx_word' id='word_1_185' title='bbox 1021 2267 1118 2323; x_wconf 88' lang='lat' dir='ltr'>neque</span> 
     </span>
     <span class='ocr_line' id='line_1_24' title="bbox 99 2335 1120 2413; baseline -0.001 -18"><span class='ocrx_word' id='word_1_186' title='bbox 99 2340 200 2396; x_wconf 86' lang='lat' dir='ltr'>tamen</span> <span class='ocrx_word' id='word_1_187' title='bbox 224 2338 379 2411; x_wconf 87' lang='lat' dir='ltr'>praeterea</span> <span class='ocrx_word' id='word_1_188' title='bbox 402 2337 500 2394; x_wconf 89' lang='lat' dir='ltr'>multa</span> <span class='ocrx_word' id='word_1_189' title='bbox 523 2335 671 2394; x_wconf 87' lang='lat' dir='ltr'>interiisse</span> <span class='ocrx_word' id='word_1_190' title='bbox 694 2336 877 2411; x_wconf 84' lang='lat' dir='ltr'>putaverim:</span> <span class='ocrx_word' id='word_1_191' title='bbox 901 2337 1018 2413; x_wconf 85' lang='lat' dir='ltr'>integer</span> <span class='ocrx_word' id='word_1_192' title='bbox 1039 2337 1120 2396; x_wconf 88' lang='lat' dir='ltr'>enim</span> 
     </span>
     <span class='ocr_line' id='line_1_25' title="bbox 101 2423 1120 2500; baseline 0.003 -18"><span class='ocrx_word' id='word_1_193' title='bbox 101 2425 235 2500; x_wconf 88' lang='lat' dir='ltr'>plurimis</span> <span class='ocrx_word' id='word_1_194' title='bbox 262 2425 352 2484; x_wconf 90' lang='lat' dir='ltr'>huius</span> <span class='ocrx_word' id='word_1_195' title='bbox 375 2425 444 2483; x_wconf 91' lang='lat' dir='ltr'>libri</span> <span class='ocrx_word' id='word_1_196' title='bbox 472 2425 608 2500; x_wconf 89' lang='lat' dir='ltr'>partibus</span> <span class='ocrx_word' id='word_1_197' title='bbox 636 2423 853 2483; x_wconf 89' lang='lat' dir='ltr'>sententiarum</span> <span class='ocrx_word' id='word_1_198' title='bbox 880 2445 971 2484; x_wconf 81' lang='lat' dir='ltr'>nexus</span> <span class='ocrx_word' id='word_1_199' title='bbox 999 2425 1120 2485; x_wconf 87' lang='lat' dir='ltr'>videtur</span> 
     </span>
     <span class='ocr_line' id='line_1_26' title="bbox 104 2513 1119 2590; baseline 0.002 -18"><span class='ocrx_word' id='word_1_200' title='bbox 104 2532 175 2589; x_wconf 85' lang='lat' dir='ltr'>esse;</span> <span class='ocrx_word' id='word_1_201' title='bbox 209 2514 258 2572; x_wconf 91' lang='lat' dir='ltr'>cui</span> <span class='ocrx_word' id='word_1_202' title='bbox 285 2515 310 2572; x_wconf 88' lang='lat' dir='ltr'>si</span> <span class='ocrx_word' id='word_1_203' title='bbox 342 2515 445 2572; x_wconf 90' lang='lat' dir='ltr'>contra</span> <span class='ocrx_word' id='word_1_204' title='bbox 475 2513 568 2589; x_wconf 88' lang='lat' dir='ltr'>dicas,</span> <span class='ocrx_word' id='word_1_205' title='bbox 601 2513 710 2572; x_wconf 89' lang='lat' dir='ltr'>librum</span> <span class='ocrx_word' id='word_1_206' title='bbox 741 2513 869 2571; x_wconf 84' lang='lat' dir='ltr'>alterum</span> <span class='ocrx_word' id='word_1_207' title='bbox 900 2515 1024 2590; x_wconf 84' lang='lat' dir='ltr'>reliquis</span> <span class='ocrx_word' id='word_1_208' title='bbox 1057 2533 1119 2574; x_wconf 88' lang='lat' dir='ltr'>esse</span> 
     </span>
     <span class='ocr_line' id='line_1_27' title="bbox 103 2601 1119 2680; baseline 0.002 -21"><span class='ocrx_word' id='word_1_209' title='bbox 103 2601 274 2678; x_wconf 73' lang='lat' dir='ltr'>breviorem,</span> <span class='ocrx_word' id='word_1_210' title='bbox 296 2603 329 2662; x_wconf 91' lang='lat' dir='ltr'>id</span> <span class='ocrx_word' id='word_1_211' title='bbox 348 2603 427 2678; x_wconf 91' lang='lat' dir='ltr'>quod</span> <span class='ocrx_word' id='word_1_212' title='bbox 446 2621 569 2678; x_wconf 89' lang='lat' dir='ltr'>operum</span> <span class='ocrx_word' id='word_1_213' title='bbox 588 2601 807 2661; x_wconf 86' lang='lat' dir='ltr'>condendorum</span> <span class='ocrx_word' id='word_1_214' title='bbox 829 2603 902 2661; x_wconf 85' lang='lat' dir='ltr'>artis</span> <span class='ocrx_word' id='word_1_215' title='bbox 923 2603 1040 2680; x_wconf 91' lang='lat' dir='ltr'>legibus</span> <span class='ocrx_word' id='word_1_216' title='bbox 1059 2622 1119 2662; x_wconf 95' lang='lat' dir='ltr'>non</span> 
     </span>
     <span class='ocr_line' id='line_1_28' title="bbox 103 2690 1117 2770; baseline 0.005 -24"><span class='ocrx_word' id='word_1_217' title='bbox 103 2692 286 2768; x_wconf 84' lang='lat' dir='ltr'>respondeat,</span> <span class='ocrx_word' id='word_1_218' title='bbox 310 2694 340 2750; x_wconf 91' lang='lat' dir='ltr'>te</span> <span class='ocrx_word' id='word_1_219' title='bbox 359 2711 505 2767; x_wconf 90' lang='lat' dir='ltr'>moneam,</span> <span class='ocrx_word' id='word_1_220' title='bbox 528 2691 604 2750; x_wconf 87' lang='lat' dir='ltr'>talia</span> <span class='ocrx_word' id='word_1_221' title='bbox 626 2709 644 2750; x_wconf 90' lang='lat' dir='ltr'>a</span> <span class='ocrx_word' id='word_1_222' title='bbox 662 2690 824 2750; x_wconf 89' lang='lat' dir='ltr'>Laurentio</span> <span class='ocrx_word' id='word_1_223' title='bbox 843 2691 962 2768; x_wconf 88' lang='lat' dir='ltr'>saepius</span> <span class='ocrx_word' id='word_1_224' title='bbox 980 2693 1117 2770; x_wconf 87' lang='lat' dir='ltr'>neglecta</span> 
     </span>
     <span class='ocr_line' id='line_1_29' title="bbox 106 2779 1116 2857; baseline 0.004 -20"><span class='ocrx_word' id='word_1_225' title='bbox 106 2798 176 2856; x_wconf 71' lang='lat' dir='ltr'>esse,</span> <span class='ocrx_word' id='word_1_226' title='bbox 200 2781 236 2838; x_wconf 90' lang='lat' dir='ltr'>de</span> <span class='ocrx_word' id='word_1_227' title='bbox 260 2781 487 2857; x_wconf 86' lang='lat' dir='ltr'>magistratibus</span> <span class='ocrx_word' id='word_1_228' title='bbox 512 2781 591 2838; x_wconf 89' lang='lat' dir='ltr'>enim</span> <span class='ocrx_word' id='word_1_229' title='bbox 613 2780 690 2838; x_wconf 90' lang='lat' dir='ltr'>liber</span> <span class='ocrx_word' id='word_1_230' title='bbox 711 2779 819 2838; x_wconf 84' lang='lat' dir='ltr'>tertius</span> <span class='ocrx_word' id='word_1_231' title='bbox 843 2781 921 2850; x_wconf 80' lang='lat' dir='ltr'>idem</span> <span class='ocrx_word' id='word_1_232' title='bbox 945 2782 1027 2857; x_wconf 88' lang='lat' dir='ltr'>capit</span> <span class='ocrx_word' id='word_1_233' title='bbox 1050 2801 1116 2857; x_wconf 87' lang='lat' dir='ltr'>spa·</span> 
     </span>
     <span class='ocr_line' id='line_1_30' title="bbox 105 2869 982 2945; baseline 0.006 -21"><span class='ocrx_word' id='word_1_234' title='bbox 105 2869 184 2945; x_wconf 86' lang='lat' dir='ltr'>tium,</span> <span class='ocrx_word' id='word_1_235' title='bbox 209 2869 292 2945; x_wconf 90' lang='lat' dir='ltr'>quod</span> <span class='ocrx_word' id='word_1_236' title='bbox 314 2870 451 2944; x_wconf 83' lang='lat' dir='ltr'>expletur</span> <span class='ocrx_word' id='word_1_237' title='bbox 475 2887 493 2927; x_wconf 91' lang='lat' dir='ltr'>a</span> <span class='ocrx_word' id='word_1_238' title='bbox 516 2869 612 2944; x_wconf 93' lang='lat' dir='ltr'>primo</span> <span class='ocrx_word' id='word_1_239' title='bbox 637 2871 666 2926; x_wconf 88' lang='lat' dir='ltr'>et</span> <span class='ocrx_word' id='word_1_240' title='bbox 690 2869 785 2928; x_wconf 86' lang='lat' dir='ltr'>altero</span> <span class='ocrx_word' id='word_1_241' title='bbox 809 2869 982 2929; x_wconf 89' lang='lat' dir='ltr'>coniunctis.</span> 
     </span>
    </p>

    <p class='ocr_par' dir='ltr' id='par_1_7' title="bbox 107 2956 1118 3654">
     <span class='ocr_line' id='line_1_31' title="bbox 166 2956 1118 3034; baseline 0 -18"><span class='ocrx_word' id='word_1_242' title='bbox 166 2957 266 3034; x_wconf 85' lang='lat' dir='ltr'>Atque</span> <span class='ocrx_word' id='word_1_243' title='bbox 289 2957 434 3016; x_wconf 88' lang='lat' dir='ltr'>hactenus</span> <span class='ocrx_word' id='word_1_244' title='bbox 458 2957 574 3033; x_wconf 90' lang='lat' dir='ltr'>quidem</span> <span class='ocrx_word' id='word_1_245' title='bbox 600 2957 635 3015; x_wconf 92' lang='lat' dir='ltr'>de</span> <span class='ocrx_word' id='word_1_246' title='bbox 654 2956 730 3015; x_wconf 90' lang='lat' dir='ltr'>libro</span> <span class='ocrx_word' id='word_1_247' title='bbox 750 2957 887 3016; x_wconf 87' lang='lat' dir='ltr'>secundo.</span> <span class='ocrx_word' id='word_1_248' title='bbox 925 2958 995 3017; x_wconf 91' lang='lat' dir='ltr'>libri</span> <span class='ocrx_word' id='word_1_249' title='bbox 1015 2960 1118 3017; x_wconf 89' lang='lat' dir='ltr'>autem</span> 
     </span>
     <span class='ocr_line' id='line_1_32' title="bbox 107 3045 1116 3124; baseline 0.003 -22"><span class='ocrx_word' id='word_1_250' title='bbox 107 3045 183 3104; x_wconf 85' lang='lat' dir='ltr'>tertii</span> <span class='ocrx_word' id='word_1_251' title='bbox 206 3046 306 3124; x_wconf 83' lang='lat' dir='ltr'>qualis</span> <span class='ocrx_word' id='word_1_252' title='bbox 330 3047 457 3105; x_wconf 88' lang='lat' dir='ltr'>materia</span> <span class='ocrx_word' id='word_1_253' title='bbox 480 3046 584 3122; x_wconf 86' lang='lat' dir='ltr'>fuerit,</span> <span class='ocrx_word' id='word_1_254' title='bbox 607 3045 680 3105; x_wconf 89' lang='lat' dir='ltr'>item</span> <span class='ocrx_word' id='word_1_255' title='bbox 704 3045 793 3106; x_wconf 85' lang='lat' dir='ltr'>titulo</span> <span class='ocrx_word' id='word_1_256' title='bbox 818 3066 835 3105; x_wconf 88' lang='lat' dir='ltr'>a</span> <span class='ocrx_word' id='word_1_257' title='bbox 859 3047 994 3106; x_wconf 91' lang='lat' dir='ltr'>codicum</span> <span class='ocrx_word' id='word_1_258' title='bbox 1017 3065 1116 3105; x_wconf 86' lang='lat' dir='ltr'>recen·</span> 
     </span>
     <span class='ocr_line' id='line_1_33' title="bbox 109 3132 1116 3214; baseline 0.003 -25"><span class='ocrx_word' id='word_1_259' title='bbox 109 3133 182 3193; x_wconf 90' lang='lat' dir='ltr'>sicne</span> <span class='ocrx_word' id='word_1_260' title='bbox 204 3137 231 3194; x_wconf 90' lang='lat' dir='ltr'>X</span> <span class='ocrx_word' id='word_1_261' title='bbox 255 3138 373 3195; x_wconf 84' lang='lat' dir='ltr'>servato</span> <span class='ocrx_word' id='word_1_262' title='bbox 397 3135 545 3210; x_wconf 91' lang='lat' dir='ltr'>docemur,</span> <span class='ocrx_word' id='word_1_263' title='bbox 570 3135 621 3211; x_wconf 92' lang='lat' dir='ltr'>qui</span> <span class='ocrx_word' id='word_1_264' title='bbox 645 3138 690 3194; x_wconf 90' lang='lat' dir='ltr'>est</span> <span class='ocrx_word' id='word_1_265' title='bbox 712 3132 778 3214; x_wconf 77' lang='grc' dir='ltr'><strong><em>περὶ</em></strong></span> <span class='ocrx_word' id='word_1_266' title='bbox 802 3133 909 3212; x_wconf 76' lang='grc' dir='ltr'><em>μηνόςι</em></span> <span class='ocrx_word' id='word_1_267' title='bbox 933 3138 1035 3194; x_wconf 89' lang='lat' dir='ltr'>tamen</span> <span class='ocrx_word' id='word_1_268' title='bbox 1054 3155 1116 3193; x_wconf 92' lang='lat' dir='ltr'>am-</span> 
     </span>
     <span class='ocr_line' id='line_1_34' title="bbox 108 3221 1116 3301; baseline 0.001 -21"><span class='ocrx_word' id='word_1_269' title='bbox 108 3221 178 3294; x_wconf 90' lang='lat' dir='ltr'>plius</span> <span class='ocrx_word' id='word_1_270' title='bbox 201 3225 292 3284; x_wconf 78' lang='lat' dir='ltr'>luisse</span> <span class='ocrx_word' id='word_1_271' title='bbox 314 3224 404 3283; x_wconf 90' lang='lat' dir='ltr'>huius</span> <span class='ocrx_word' id='word_1_272' title='bbox 423 3223 492 3282; x_wconf 88' lang='lat' dir='ltr'>libri</span> <span class='ocrx_word' id='word_1_273' title='bbox 511 3226 732 3301; x_wconf 79' lang='lat' dir='ltr'>argumentum,</span> <span class='ocrx_word' id='word_1_274' title='bbox 754 3242 845 3299; x_wconf 88' lang='lat' dir='ltr'>quam</span> <span class='ocrx_word' id='word_1_275' title='bbox 868 3224 948 3299; x_wconf 90' lang='lat' dir='ltr'>quod</span> <span class='ocrx_word' id='word_1_276' title='bbox 966 3223 1116 3300; x_wconf 89' lang='lat' dir='ltr'>promitti-</span> 
     </span>
     <span class='ocr_line' id='line_1_35' title="bbox 109 3312 1117 3389; baseline 0.003 -22"><span class='ocrx_word' id='word_1_277' title='bbox 109 3312 154 3368; x_wconf 92' lang='lat' dir='ltr'>tur</span> <span class='ocrx_word' id='word_1_278' title='bbox 173 3313 379 3389; x_wconf 89' lang='lat' dir='ltr'>inscriptione,</span> <span class='ocrx_word' id='word_1_279' title='bbox 406 3313 468 3371; x_wconf 92' lang='lat' dir='ltr'>iam</span> <span class='ocrx_word' id='word_1_280' title='bbox 490 3313 665 3372; x_wconf 86' lang='lat' dir='ltr'>videbimus.</span> <span class='ocrx_word' id='word_1_281' title='bbox 711 3312 842 3388; x_wconf 88' lang='lat' dir='ltr'>primum</span> <span class='ocrx_word' id='word_1_282' title='bbox 868 3313 998 3371; x_wconf 89' lang='lat' dir='ltr'>auctoris</span> <span class='ocrx_word' id='word_1_283' title='bbox 1021 3313 1117 3371; x_wconf 89' lang='lat' dir='ltr'>nostri</span> 
     </span>
     <span class='ocr_line' id='line_1_36' title="bbox 111 3400 1116 3479; baseline 0.005 -24"><span class='ocrx_word' id='word_1_284' title='bbox 111 3417 166 3459; x_wconf 88' lang='lat' dir='ltr'>csse</span> <span class='ocrx_word' id='word_1_285' title='bbox 189 3403 299 3477; x_wconf 90' lang='lat' dir='ltr'>debuit,</span> <span class='ocrx_word' id='word_1_286' title='bbox 327 3405 370 3476; x_wconf 91' lang='lat' dir='ltr'>ut,</span> <span class='ocrx_word' id='word_1_287' title='bbox 397 3403 558 3478; x_wconf 90' lang='lat' dir='ltr'>postquam</span> <span class='ocrx_word' id='word_1_288' title='bbox 585 3400 621 3460; x_wconf 91' lang='lat' dir='ltr'>de</span> <span class='ocrx_word' id='word_1_289' title='bbox 645 3401 692 3459; x_wconf 91' lang='lat' dir='ltr'>die</span> <span class='ocrx_word' id='word_1_290' title='bbox 716 3404 747 3460; x_wconf 87' lang='lat' dir='ltr'>et</span> <span class='ocrx_word' id='word_1_291' title='bbox 768 3400 952 3460; x_wconf 89' lang='lat' dir='ltr'>hebdomade</span> <span class='ocrx_word' id='word_1_292' title='bbox 977 3401 1052 3479; x_wconf 89' lang='lat' dir='ltr'>egit,</span> <span class='ocrx_word' id='word_1_293' title='bbox 1081 3401 1116 3460; x_wconf 91' lang='lat' dir='ltr'>de</span> 
     </span>
     <span class='ocr_line' id='line_1_37' title="bbox 111 3489 1116 3567; baseline 0.003 -23"><span class='ocrx_word' id='word_1_294' title='bbox 111 3506 201 3550; x_wconf 86' lang='lat' dir='ltr'>mense</span> <span class='ocrx_word' id='word_1_295' title='bbox 223 3492 404 3567; x_wconf 87' lang='lat' dir='ltr'>loqueretur.</span> <span class='ocrx_word' id='word_1_296' title='bbox 451 3495 481 3550; x_wconf 89' lang='lat' dir='ltr'>et</span> <span class='ocrx_word' id='word_1_297' title='bbox 503 3489 713 3549; x_wconf 77' lang='lat' dir='ltr'>vetristissimis</span> <span class='ocrx_word' id='word_1_298' title='bbox 736 3489 921 3565; x_wconf 89' lang='lat' dir='ltr'>temporibus</span> <span class='ocrx_word' id='word_1_299' title='bbox 944 3492 1116 3549; x_wconf 85' lang='lat' dir='ltr'>mensisse-</span> 
     </span>
     <span class='ocr_line' id='line_1_38' title="bbox 113 3578 1117 3654; baseline 0.002 -22"><span class='ocrx_word' id='word_1_300' title='bbox 113 3579 230 3638; x_wconf 89' lang='lat' dir='ltr'>oundum</span> <span class='ocrx_word' id='word_1_301' title='bbox 251 3581 342 3638; x_wconf 89' lang='lat' dir='ltr'>lunae</span> <span class='ocrx_word' id='word_1_302' title='bbox 366 3598 484 3639; x_wconf 89' lang='lat' dir='ltr'>cursum</span> <span class='ocrx_word' id='word_1_303' title='bbox 508 3578 749 3654; x_wconf 88' lang='lat' dir='ltr'>computabatur,</span> <span class='ocrx_word' id='word_1_304' title='bbox 777 3578 860 3652; x_wconf 89' lang='lat' dir='ltr'>prius</span> <span class='ocrx_word' id='word_1_305' title='bbox 884 3582 998 3654; x_wconf 87' lang='lat' dir='ltr'>autem,</span> <span class='ocrx_word' id='word_1_306' title='bbox 1026 3598 1117 3654; x_wconf 88' lang='lat' dir='ltr'>quarn</span> 
     </span>
    </p>

    <p class='ocr_par' dir='ltr' id='par_1_8' title="bbox 926 3675 955 3728">
     <span class='ocr_line' id='line_1_39' title="bbox 926 3675 955 3728; baseline 0 -23"><span class='ocrx_word' id='word_1_307' title='bbox 926 3675 955 3728; x_wconf 66' lang='lat' dir='ltr'>f*</span> 
     </span>
    </p>
   </div>
   <div class='ocr_carea' id='block_1_7' title="bbox 0 0 1275 3984">
    <p class='ocr_par' dir='ltr' id='par_1_9' title="bbox 0 0 1275 3984">
     <span class='ocr_line' id='line_1_40' title="bbox 0 0 1275 3984; baseline 0 0"><span class='ocrx_word' id='word_1_308' title='bbox 0 0 1275 3984; x_wconf 95' lang='lat' dir='ltr'> </span> 
     </span>
    </p>
   </div>
  </div>
 </body>
</html>
