2556 3996
144 147 187 211 36
511 145 620 200 LIBER
637 144 792 201 TERTIUS

73 319 130 373 ΧΥ
144 312 324 394 ταττόμενα
346 309 462 393 φωνάς
484 307 672 394 ἐνάρθρους
694 308 879 375 ἀποτελεῖν·
905 321 974 375 τῶν
995 311 1059 397 γάρ
1083 310 1162 396 ἡμι

117 417 269 501 ,φώνων
304 415 490 500 ἀναπληροῖ
523 416 562 480 τὸ
595 413 725 500 ἐνδέον,
757 415 960 501 ὁλοκλήρους
992 412 1029 482 δέ
1058 439 1162 482 κατα-

145 525 292 603 σκευάζει
318 524 398 599 τοὺς
427 505 616 606 φθόγγους,
651 533 719 588 τῶν
746 519 783 587 δὲ
809 522 956 608 ἀφύνων
982 522 1094 608 τρέπει
1122 547 1162 589 τε

144 628 200 695 καί
231 629 427 715 μεταβάλλει
456 630 514 706 τάς
545 629 679 714 φύσεις,
711 629 767 694 ’ίυα
793 627 928 714 γένηται
959 631 1000 695 τά
1031 631 1163 716 ἀρρητα
1269 679 1270 686 1

83 743 131 798 XS
147 737 237 822 βητά.
282 733 339 801 καί
361 738 397 800 τί
416 745 706 821 μακρηγοροῦμεν,
734 736 814 802 ὅταν
833 732 922 828 οὐδὲ
943 736 963 820 ἡ
987 747 1055 801 τῶν
1076 736 1163 802 ὑδά-

119 867 132 906 ο
147 867 214 909 τωυ
228 843 329 928 φύσις
343 841 403 921 ἐξω
417 851 475 926 τῆς
493 843 665 927 δυνάμεως
678 850 737 926 τῆς
754 840 894 918 ἐπτάδος
911 841 1163 922 ἀπολέλειπται;
1270 931 1271 936 ¹

146 950 165 1015 ό
179 958 264 1034 γοῦν
277 949 460 1025 Διονύσιος
478 947 515 1014 ἐν
531 959 603 1025 ταῖς
616 951 757 1014 Κτίσεσί
772 966 864 1034 φησι,
882 949 943 1014 τὸν
958 949 1163 1014 Χαλκιδικὸν
1270 939 1271 970 ἐ

147 1057 300 1140 Εύριπον
330 1053 461 1131 ἑπτάκις
489 1053 565 1120 καθ’
592 1054 720 1141 ἡμέραν
742 1057 969 1140 στρεφόμενον
997 1056 1080 1120 κατά
1100 1057 1163 1138 μό-

107 1169 133 1222 Χ
147 1186 208 1238 νας
237 1163 296 1237 τὰς
326 1159 515 1245 ἑβδομάδας,
540 1161 704 1226 ἵστασθαι.
749 1159 804 1226 καὶ
834 1160 867 1239 ἐξ
899 1161 1003 1227 αὐτοῦ
1031 1157 1071 1226 δὲ
1097 1171 1163 1227 τοῦ
1271 1199 1272 1236 3

108 1293 134 1331 ιο
148 1277 270 1352 νοητοῦ
302 1269 423 1344 αλῶυος
454 1269 523 1333 ἐστι
551 1268 703 1333 συνιδεῖν
728 1270 806 1344 τοὺς
832 1267 1026 1353 ἀρτέμονας·
1058 1269 1164 1333 συνά-

146 1399 263 1459 γονται
286 1371 348 1459 μὲν
374 1376 438 1459 γάρ
465 1383 599 1459 πρῶτον
621 1372 654 1452 ἐξ
682 1375 795 1460 ὡρῶν,
827 1369 897 1440 εἶτα
919 1374 1061 1460 ἡμερῶν,
1089 1371 1164 1442 εἶτα

148 1481 352 1566 ἑβδομάδων,
375 1483 486 1546 ἔπειτα
504 1491 629 1565 μηνῶν,
651 1475 722 1545 εἶτα
739 1479 912 1565 ἐνιαυτῶν,
936 1480 1067 1547 ἐκεάθεν
1089 1506 1164 1548 και-

148 1600 228 1675 ρῶν,
250 1586 306 1653 καί
330 1588 366 1653 τὸ
393 1587 512 1653 λοιπὸν
530 1587 672 1671 αἰώνων,
695 1588 779 1673 πρὸς
800 1588 837 1652 τὸ
860 1586 1048 1673 ἀρχέτυπον
1070 1583 1165 1666 εἶδος

148 1705 208 1761 τοῦ
230 1704 354 1779 νοητοῦ
377 1692 432 1760 καί
454 1703 679 1779 πατρογευοῦς
701 1695 830 1770 αἰῶνος.

108 2145 135 2186 15
435 2106 597 2179 LIBER
629 2105 870 2180 TERTIUS.

106 2255 132 2307 x
546 2243 630 2316 Περὶ
648 2239 762 2312 μηνός·

116 2385 134 2440 s
218 2371 245 2434 l.
263 2368 333 2434 Ὅτι
352 2367 548 2454 Ἀνάχαρσις
570 2367 588 2435 ὁ
612 2369 752 2453 Σκύθης
774 2371 838 2453 ἔφη
862 2371 1073 2454 φιλονεικίαν
1091 2379 1220 2434 deesth

149 2476 308 2561 γενέσθαι
322 2472 400 2542 ποτὶ
411 2477 608 2558 Αἰγυπτίοις
621 2474 677 2541 καὶ
688 2476 843 2552 Σκύθαις
856 2473 932 2560 περὶ
946 2474 1165 2561 ἀρχαιότητος

152 2582 325 2670 ἑκατέρων,
349 2589 428 2658 ίσως
447 2580 479 2660 ἐξ
499 2579 662 2668 ἑκατέρων
680 2594 747 2648 τῶν
770 2584 900 2668 ἀρκτων
922 2579 1076 2669 προέχειν
1093 2593 1164 2647 τῶν

111 2716 137 2754 ιο
150 2690 352 2776 πραγμάτων
374 2687 568 2773 ἀξιούντων,
590 2696 750 2774 κριθῆναι
768 2685 805 2754 δέ
827 2690 907 2767 τοὺς
920 2689 1061 2764 Σκύθας
1074 2683 1163 2754 εἶναι

149 2793 396 2882 πρεσβυτέρους
429 2796 484 2860 διδ
516 2797 553 2860 τὸ
585 2793 640 2860 καὶ
671 2795 736 2861 ύπδ
768 2796 830 2878 τὴν
861 2797 1007 2880 μεγάλην
1038 2796 1164 2880 ἀρκτον
1274 2847 1275 2860 ,

221 2973 246 3007 v.
267 2959 282 3007 7
300 2951 382 3008 Dion.
401 2951 524 3006 chalcid.
543 2950 595 3022 frg.
615 2957 641 3021 8,
660 2950 742 3006 EHG
759 2951 799 3005 IV
812 2957 863 3006 395

222 3099 279 3149 v.4
298 3095 395 3163 φύσεις
409 3095 501 3150 αὐτῶν
524 3094 553 3147 Υ
632 3091 745 3165 ὅόητά.
782 3093 892 3162 reliqua
909 3092 1105 3147 desiderantur
1127 3093 1163 3162 Υ,
1274 3123 1275 3142 ι

152 3167 201 3220 ubi
220 3168 375 3235 sequuntur
393 3163 436 3220 ότι
454 3164 642 3237 φεβρουάριος
654 3197 690 3206 -
703 3163 872 3235 φειδομένας
889 3162 988 3234 μοίρας
1003 3179 1019 3218 e
1036 3164 1109 3219 libro
1124 3165 1164 3219 111
1274 3225 1275 3230 η

151 3244 220 3304 §10
244 3238 393 3307 desumpta
417 3239 451 3306 (v.
472 3236 508 3290 ad
530 3256 556 3306 p.
572 3243 619 3306 48,
635 3239 661 3308 6)
691 3238 695 3308 λ
725 3235 791 3291 οόδδ
815 3235 832 3305 ἡ
857 3245 912 3291 τῶν
934 3237 1047 3290 ύδάτων
1069 3235 1123 3292 ino.
1145 3237 1167 3292 S

153 3316 168 3364 6
188 3307 383 3363 ἀπολέλειπται
402 3308 444 3377 Χ,
468 3308 641 3363 ἀποτελεῖται
660 3308 682 3363 S
753 3313 767 3362 ⁷
786 3307 817 3362 ἐν
835 3316 897 3371 ταῖς
914 3304 1016 3361 κτίσεσι
1036 3305 1115 3361 omis,
1135 3309 1164 3376 S,

153 3380 261 3448 πτήσεσι
275 3382 302 3434 A
319 3385 323 3446 Ι
339 3378 508 3450 χαλκηδικδν
523 3378 677 3447 ἐριππονθ
747 3384 763 3432 9
778 3377 917 3433 ἵστασθαι.
938 3377 1048 3447 reliqua
1062 3378 1165 3434 desunt

154 3451 176 3505 S
246 3448 450 3575 ΠΞάρτίμονας
466 3452 494 3504 A
567 3457 600 3506 16
619 3451 650 3506 ἐκ
668 3460 723 3506 τῶν
741 3450 805 3518 περὶ
823 3447 910 3521 μηνός
926 3449 954 3504 A
977 3449 1007 3504 ἐκ
1025 3459 1082 3505 τῶν
1099 3452 1165 3520 περὶ

154 3531 249 3591 μηνῶν
