2530 3988
170 193 235 257 120
440 191 548 248 LIBER
568 189 745 257 QUARTUS.
774 191 915 246 APRILIS

133 367 151 421 S
234 355 286 420 66.
301 351 372 420 Ὅτι
394 357 426 420 ολ
447 358 589 439 φυσικοί
606 371 688 439 φασι
709 356 767 431 τάς
786 357 925 438 θηλείας
947 356 1006 430 τὰς
1024 352 1094 419 κατ’
1121 363 1240 418 deesfflr¹

171 461 257 527 εὐθύ
280 462 343 544 τὴν
369 461 601 545 ἀναστόμωσιν
623 471 691 526 τῶν
713 460 858 543 ἀγγείων
881 459 1021 545 ἐχούσας
1043 461 1190 536 ποκάδας

171 564 267 652 εἶναι,
289 570 348 645 τὰς
371 564 415 632 δὲ·
432 566 468 632 ἐκ
490 569 635 649 πλαγίου
658 570 796 652 στείρας.

115 685 165 740 XS
235 675 287 740 67,
315 678 361 762 Ίῆ
384 675 449 760 πρὸ
470 683 574 758 τριῶν
591 677 724 738 Νωνῶν
737 671 920 759 Ἀπριλίων
932 671 1099 758 Ἡρακλῆς
1118 683 1230 737 RrIV46

141 805 154 849 ι
168 781 329 858 ἐπινίκιος
344 781 476 865 ἐτιμᾶτο
490 771 544 846 οἷα
558 780 672 862 ὑγείας
685 781 796 866 (λοτῆρ.
833 778 888 846 καὶ
903 779 1067 866 ῥαφάνων
1082 783 1188 865 νόμος

127 890 248 953 Χκατά
271 889 332 952 τὸν
354 897 443 972 μῆνα
464 895 587 952 τοῦτον
608 884 790 970 ἀπέχεσθαι
808 885 986 972 Ῥωμαίοις.
1019 886 1187 971 Ἡρακλῆς

167 990 205 1059 66
234 994 253 1060 6
281 996 401 1079 χρόνος
427 994 516 1078 παρὰ
548 1001 595 1080 τῷ
621 994 803 1080 Νικομάχῳ
834 999 976 1078 εἴρηται,
1009 992 1093 1060 ἀλλά
1121 994 1186 1078 μὴν

168 1098 223 1165 καὶ
255 1100 363 1184 ῆλιος,
396 1099 527 1183 λέγοντι
556 1099 674 1175 οὕτως·
698 1097 876 1185 Ἥρακλῆς
902 1096 965 1184 μὲν
987 1094 1050 1164 οὖν
1078 1099 1096 1164 6
1126 1100 1185 1181 τὴν

167 1205 243 1292 περὶ
267 1209 327 1273 τὸν
350 1206 431 1293 ἀέρα
453 1207 572 1272 κλάσιν
594 1215 633 1292 τῆ
657 1215 726 1271 τῶν
747 1207 846 1292 ὡρῶν
867 1216 1050 1293 περιτροπῇ
1070 1205 1184 1272 ποιού-

128 1339 153 1379 ιο
167 1337 281 1398 μενος,
313 1312 486 1380 τουτέστιν
512 1312 626 1396 ῆλιος.’
672 1313 725 1378 διὸ
754 1313 796 1396 (λη
822 1311 878 1377 καὶ
907 1312 944 1378 έν
971 1323 1041 1389 τοῖς
1064 1313 1183 1378 τούτου
1244 1306 1245 1320 ’

166 1425 362 1505 μυστηρίοις
383 1422 463 1496 τοὺς
485 1421 627 1504 ἀρρενας
653 1412 859 1502 γυναικείαις
887 1424 1022 1496 στολαῖς
1043 1427 1182 1504 κοσμοῦ-

168 1543 233 1611 σιν,
261 1529 317 1592 ἀτε
341 1528 383 1610 τλῆ
407 1525 439 1604 ἐξ
463 1524 659 1611 ἀγριότητος
680 1523 736 1589 καὶ
764 1523 902 1608 ἀγονίας
928 1534 987 1610 τῆς
1015 1529 1097 1592 κατὰ
1125 1525 1182 1590 τὸν
1245 1549 1246 1560 ’

166 1643 311 1718 χειμῶνα
325 1632 512 1718 ἀρχομένου
525 1641 586 1697 τοῦ
605 1641 828 1717 σπερματικοῦ
847 1634 949 1698 τόκου
964 1634 1180 1716 θηλύνεσθαι.

167 1738 222 1805 καὶ
245 1749 348 1805 ταῦτα
371 1736 433 1824 μὲν
456 1747 502 1827 τῷ
524 1741 597 1824 ἔαρι
626 1737 770 1803 ἐτέλουν.
815 1741 892 1823 τρία
919 1735 968 1810 δὲ,
985 1739 1076 1828 αὐτῷ
1097 1743 1180 1824 μῆλα
1246 1750 1247 1764 ’

127 1873 153 1914 ιι
168 1846 205 1911 έν
228 1855 267 1934 τῆ
291 1851 370 1934 λαιᾷ
395 1856 470 1911 ταίν
500 1856 614 1931 χεροῖν
641 1854 699 1929 τῆς
722 1847 847 1931 χρόνον
872 1843 915 1910 δι’
939 1845 1044 1912 αὐτοῦ
1067 1845 1179 1930 ἀναμε·

167 1958 284 2040 ρίσειος
308 1955 490 2039 σύμβολον·
522 1957 630 2037 μῆλον
659 1948 721 2037 μὲν
751 1954 814 2038 γάρ
843 1954 900 2018 διὰ
926 1953 990 2036 τὴν
1014 1954 1099 2039 πρὸς
1124 1953 1177 2018 τὸν
1247 1973 1248 1994 ¹

166 2061 262 2146 κριὸν
299 2060 403 2126 αὐτοῦ
440 2059 668 2144 συμπάθειαν,
705 2058 789 2144 ἀρχὴ
831 2055 868 2124 δὲ
909 2061 1036 2144 χρόνου
1070 2057 1176 2144 ἐαρινιὶ

166 2169 279 2253 τροπή.
324 2165 379 2232 καὶ
412 2167 520 2242 άλλως
551 2161 589 2230 66
617 2169 708 2251 τρία,
742 2165 792 2232 ότι
822 2167 978 2251 τριμερὴς
1008 2165 1027 2231 6
1055 2167 1175 2251 χρόνος.

166 2273 305 2357 ἀνάγειν
332 2269 369 2338 δὲ
392 2271 521 2355 λέγεται
548 2273 608 2337 τὸν
635 2273 721 2336 κύνα
748 2273 809 2337 τὸν
835 2271 1038 2357 τρικέφαλον
1066 2272 1101 2337 ἐκ
1122 2278 1176 2336 τοῦ

18 2369 20 2374 ’
128 2379 293 2462 ιοἍιάου,
330 2381 380 2446 ότι
414 2380 638 2465 φρουρητικὸς
673 2377 728 2445 καί
767 2381 965 2463 λυμαντικὸς
1002 2378 1020 2444 6
1053 2382 1175 2465 χρόνος,

166 2488 276 2572 ὥσπερ
304 2488 346 2570 δὴ
368 2483 423 2550 καὶ
448 2485 466 2551 6
489 2487 593 2550 κύων·
625 2497 713 2571 τρεῖς
740 2482 778 2550 δὲ
806 2484 897 2573 αὐτῷ
923 2488 1079 2569 κεφαλαί,
1107 2486 1176 2551 ὅτε

165 2593 345 2679 παρελθὼν
373 2590 428 2657 καὶ
457 2592 474 2658 6
505 2591 643 2668 ἐνεστὼς
670 2589 725 2656 καὶ
756 2591 773 2658 6
802 2590 933 2676 μέλλων
959 2595 1083 2679 καιρός.
1125 2587 1174 2656 καὶ

166 2701 273 2776 άλλως
296 2695 334 2763 δὲ
356 2701 396 2764 τά
419 2703 495 2785 τρία
517 2703 605 2783 μῆλα
633 2698 776 2782 ληπτέον
798 2697 852 2764 ἐπὶ
871 2697 1075 2785 Ἡρακλέους
1100 2697 1175 2763 κατὰ

165 2809 355 2891 φιλόσοφον
387 2807 509 2890 δόγμα,
543 2805 592 2870 ότι
625 2807 683 2882 τὰς
715 2816 803 2892 τρεῖς
835 2807 1013 2892 περιόδους
1045 2805 1063 2872 6
1095 2806 1175 2891 ῆρυς

125 2940 151 2979 ιε
166 2912 291 2989 ἀνύσας
314 2921 374 2978 τοῦ
397 2922 580 2997 πρακτικοῦ
598 2916 675 2997 βίου
693 2910 820 2988 τέλειος
837 2908 923 2978 εἶναι
942 2914 1042 2978 δοκεῖ.
1078 2913 1173 2996 ταύτη

235 3088 259 3123 υ.
275 3076 292 3122 4
311 3067 354 3123 ὅτι
372 3077 405 3139 τῆ
428 3069 484 3138 πρό
498 3075 564 3122 -6
583 3065 728 3139 ᾇοιμοιίοις’
753 3067 828 3132 ὅπως
851 3066 883 3122 δὲ
905 3066 1050 3137 ἀπρίλλιος
1072 3066 1170 3137 ὠνομά·

164 3143 223 3205 ζετο
243 3139 391 3209 είρηται8
414 3142 419 3208 1
444 3137 589 3208 Ἀπριλίων
608 3140 686 3195 omis,
703 3141 731 3194 B
840 3146 856 3193 5
875 3139 987 3208 ἐτιμᾶτο
1007 3137 1175 3202 ἐπινίκιοςό

165 3209 286 3282 8λέγων
305 3212 343 3280 Χ,
367 3229 436 3267 corr.
453 3211 506 3266 Sch
588 3218 619 3266 11
640 3209 811 3284 μυστηρίοις]
835 3219 934 3280 μηροῖς
952 3211 980 3265 Β
1063 3217 1096 3265 12
1115 3211 1133 3265 ἀ
1149 3229 1173 3263 ο·

165 3281 228 3374 μίας
246 3283 288 3352 Χ,
308 3280 425 3353 ἀγονίας
443 3282 510 3373 1ο.
564 3288 597 3336 14
616 3283 679 3370 περὶ
702 3281 860 3374 ἀγάλματος
881 3290 931 3336 τοῦ
954 3281 1107 3407 ἡρακλόους
1145 3303 1173 3334 α-

165 3357 312 3420 στοιζοντος
330 3361 363 3424 τῆ
382 3355 513 3423 άριστερα
531 3354 602 3423 χειρί
620 3373 684 3421 τρια
697 3357 778 3424 μηλα.
814 3353 864 3408 τὸν
878 3352 966 3422 ῆραιιλ
981 3374 1000 3407 α
1014 3354 1065 3409 τὸν
1078 3351 1174 3424 χρόνον

164 3423 304 3495 λέγουσιν,
333 3423 364 3486 ὅς
391 3425 465 3478 ἐστιν
492 3422 632 3492 τριμερής·
661 3424 710 3492 ἔαρ
738 3423 824 3493 θέρος
851 3426 900 3478 καὶ
927 3425 1029 3494 χειμών
1055 3426 1083 3480 R
1109 3425 1128 3480 f.
1146 3430 1173 3476 λ’

166 3502 199 3548 15
218 3496 406 3617 ταῖιίῆτὸνά
481 3500 513 3548 17
532 3493 612 3563 κριὸν
630 3496 670 3565 Α,
694 3489 795 3564 καιρόν
813 3495 887 3566 A‚B
960 3495 1028 3550 216
1052 3493 1173 3568 κύων]ό

166 3564 244 3619 omiS.
365 3571 398 3618 23
418 3568 490 3635 μῆλα
508 3564 587 3620 omis,
605 3566 633 3619 A
