2524 3984
455 179 660 234 PRAEFATIO

105 355 202 407 νωνῶν
233 344 339 428 ἑορτὴν
371 368 401 424 p.
423 348 529 423 44‚15

67 521 94 584 ἕν
129 438 192 597 vll}
205 440 407 603 7νουμηνίαις
427 556 465 567 -
487 522 531 585 ῶὰ

102 613 217 694 πάσχειν
240 633 269 691 p.
289 615 390 689 50‚11
417 633 530 692 app.-

66 704 188 868 collide
206 787 447 872 ol—tcconlm
470 790 532 872 ὥρα

100 901 126 956 p.
149 882 252 956 salo
278 899 391 958 app-
403 882 455 956 30,
466 884 495 941 7.

65 967 119 1050 περὶ
147 965 266 1051 ἡμέραν·
302 965 322 1047 ἡ
351 967 464 1048 φυσικὴ
492 1001 529 1010 -

101 1057 189 1119 νύκτα
215 1055 390 1138 ἠρίθμησαν
426 1077 455 1135 p.
481 1060 533 1133 18,

932 177 1066 235 *XXXVII

630 345 735 423 δαίοις,
747 343 788 406 ἔτι
798 341 830 406 dl
838 344 889 406 καὶ
903 343 1068 426 ἀθηναίοις

628 433 768 514 ἑπόμενοι
785 432 836 495 nul
853 431 938 514 ἡμεῖς
956 433 989 495 ἐν
1002 440 1064 508 τοῖς

629 516 701 604 παρ’
735 519 808 602 ἡμῖν
843 521 987 585 {credetur
1018 541 1067 585 or-

629 613 794 692 ληνιακοῖς
816 612 968 686 πανονίοις
1005 610 1066 674 ἀπὸ.

630 699 752 782 ἑσπέρας
794 699 849 780 τὴν
883 698 977 783 ἀρχὴν
1012 709 1065 780 τῆς

630 788 829 869 ἐπιφοιτώσης
853 785 964 871 ἡμέρας
986 793 1065 870 λογι-

631 878 751 958 ζόμεθα,
771 877 822 940 παὶ
835 877 894 940 ἀπὸ
908 889 961 959 τῆς
974 876 1066 961 ἀρχῆς

630 978 684 1049 τῆς
705 964 829 1048 ἑσπέρας
846 966 898 1041 τὰς
917 968 995 1049 ῶρας
1012 977 1066 1048 τῆς

631 1056 739 1129 νυκτὸς
779 1054 829 1118 καὶ
867 1066 919 1136 τῆς
955 1053 1065 1139 ἡμέρας

104 1149 270 1226 11—20,4
293 1165 363 1225 app.
631 1151 882 1226 καταρνθμοῶμεν.

69 1237 207 1312 sequitur:
238 1233 421 1318 ἠρίθμησαν.
471 1239 533 1308 τοῖς
587 1235 783 1296 subsecuntur
818 1255 898 1295 mere
931 1237 1066 1296 astrono-

103 1317 153 1386 οὖν
184 1323 351 1406 αηνπτίοις
386 1321 436 1384 καὶ
471 1323 532 1384 ἰον-
632 1325 710 1384 mica
731 1325 851 1384 aliunde
871 1325 977 1400 petita.

121 1503 177 1564 Ubi
199 1501 354 1563 vero-iam
384 1501 545 1562 secundum
572 1502 652 1562 hunc
680 1501 809 1561 indicem
838 1501 957 1578 singula
986 1502 1067 1579 frag·

68 1595 154 1650 mente
177 1591 214 1651 ab
242 1609 391 1667 anonymo
422 1590 532 1651 codicis
553 1590 584 1650 Η
607 1593 728 1650 auctore
758 1593 876 1650 servata
905 1590 1067 1666 perlustra-

69 1680 147 1755 veris,
176 1681 279 1741 statim
309 1698 484 1740 consensum
509 1680 744 1756 animadvertes,
774 1679 826 1755 qui
854 1679 934 1738 inter
959 1678 1015 1736 illa
1037 1680 1068 1737 et

70 1768 195 1845 reliquias
217 1769 370 1846 Lydianas
400 1769 515 1843 existit,
544 1769 648 1846 quales
677 1769 710 1827 in
739 1767 889 1828 codicibus
911 1767 1067 1827 Laurentii

69 1858 171 1918 nomine
201 1858 328 1936 signatis
358 1860 524 1918 occurrunt.
576 1858 617 1916 ad
644 1876 737 1917 unum
766 1857 846 1916 enim
874 1856 936 1916 fere
965 1856 1067 1916 omnia

72 1951 222 2024 congruunt
253 1966 321 2007 cum
356 1947 408 2022 iis,
443 1966 520 2023 quae
551 1946 594 2005 ibi
626 1946 831 2022 proferuntur,
869 1965 964 2021 neque
996 1944 1066 2004 novi

72 2035 217 2112 quidquam
240 2035 355 2096 aceedit
376 2038 496 2112 praeter
517 2035 664 2095 mensium
685 2035 857 2114 catalogum
871 2025 915 2114 (p.
931 2029 1066 2108 59,20-

72 2123 112 2199 61,
122 2118 153 2206 9)
175 2129 205 2185 et
227 2124 446 2201 praefationem
467 2123 538 2184 libri
556 2123 680 2184 alterius
695 2116 738 2206 (p.
755 2123 805 2194 18,
817 2118 948 2199 3-10).
976 2124 1067 2198 atque

71 2214 271 2285 praefationem
301 2213 420 2290 quidem
448 2213 554 2273 aviro
584 2214 686 2288 docto,
714 2212 891 2288 quicumque
920 2213 1068 2270 tractatus

71 2298 125 2380 περὶ
145 2312 247 2382 μηνῶν
269 2301 319 2363 καὶ
342 2300 455 2382 δρόμον
482 2300 607 2380 σελήνης
635 2304 739 2362 auctor
766 2301 838 2380 fuit,
868 2300 1068 2377 conscriptam

71 2407 121 2448 esse
137 2392 304 2470 putaverim
326 2391 380 2466 ita,
402 2394 437 2451 ut
459 2391 491 2450 in
515 2391 653 2451 extremis
676 2390 821 2467 prooemii
843 2389 979 2466 partibus
1003 2391 1068 2448 arte

73 2494 96 2536 se
116 2482 308 2558 applicaverit
330 2480 369 2541 ad
386 2480 542 2540 Laurentii
560 2480 660 2540 verba.
687 2480 796 2538 mirum
815 2479 894 2538 enim
908 2477 1068 2538 admodum

72 2569 211 2646 estquod
232 2570 301 2648 pari
323 2571 387 2629 iuro
406 2569 532 2646 spondet
554 2587 586 2628 se
609 2572 746 2628 acturum
764 2585 826 2628 esse
845 2566 880 2626 de
900 2567 1070 2626 differentia

72 2672 209 2735 annorum,
236 2678 321 2736 acuo,
347 2661 490 2736 tempore,
518 2658 607 2717 initio
634 2657 758 2732 dierum,
787 2676 854 2717 cum
883 2676 915 2715 re
937 2675 1009 2717 vera
1032 2654 1069 2714 de

71 2761 130 2806 aevo
148 2752 177 2809 et
193 2755 328 2826 tempore
347 2747 405 2808 duo
423 2748 558 2824 proferat
570 2746 671 2821 verba,
693 2746 786 2805 addat
808 2748 909 2805 autern
922 2743 1069 2804 mensium

71 2837 239 2916 catalogum,
269 2857 358 2914 quem
386 2837 419 2896 in
447 2835 666 2915 prolegomenis
695 2835 784 2912 plane
812 2836 961 2894 tacuerat:
992 2851 1068 2909 quae

72 2925 156 2985 onnia
180 2926 249 2986 iude
274 2929 341 2986 orta
364 2944 426 2986 esse
452 2925 635 3003 putaverim,
668 2925 748 3000 quod
773 2925 830 2983 hoc
858 2942 975 3000 quoque
1001 2922 1069 2981 loco

70 3008 170 3087 Lydum
195 3015 352 3094 expressit,
381 3015 464 3074 cuius
492 3013 638 3075 scribendi
661 3013 763 3092 generi
791 3012 901 3089 optime
930 3010 1071 3071 convenit

72 3102 249 3164 artificiosum
271 3103 347 3163 illud
370 3101 482 3184 γένοιτο
504 3099 543 3163 lv
558 3149 564 3162 .
580 3099 728 3181 ,ἥδυσμα
760 3102 865 3178 quodsi
887 3119 957 3161 vero
980 3097 1068 3157 initio

71 3187 178 3253 alterius
199 3193 396 3253 Laurentiani
418 3192 488 3250 libri
505 3224 543 3233 -
560 3191 596 3250 de
614 3191 711 3268 primo
730 3191 818 3264 enim,
841 3190 924 3250 ouius
941 3186 1070 3247 materia

70 3275 100 3335 ab
122 3280 166 3341 his
194 3282 294 3341 aliena
324 3285 382 3360 est,
411 3280 539 3358 cogitari
568 3280 674 3356 nequit
696 3312 739 3320 —
763 3279 895 3339 extitisse
925 3275 1068 3337 sumimus

69 3370 231 3439 promissum
263 3370 339 3429 illud
371 3369 409 3429 ab
441 3371 562 3429 auctore
594 3369 711 3444 datum,
743 3369 912 3428 locutumm
943 3383 973 3424 se
1006 3382 1070 3424 esse

70 3454 126 3535 περὶ
146 3468 256 3538 μηνῶν,
280 3455 353 3520 ὅθεν
375 3456 426 3518 καὶ
449 3457 529 3530 ὅπως
546 3455 601 3536 την
619 3457 819 3537 προσηγορίαν
838 3455 935 3516 αὐτῶν
949 3451 1069 3526 ἕκαστος

70 3541 169 3627 εἴληφε,
190 3546 239 3608 cul
262 3547 336 3628 daec
359 3539 432 3608 καθ’
459 3543 581 3607 ἕκαστον
604 3545 703 3606 αὐτῶν
725 3550 787 3618 τοῖς
805 3536 957 3623 Ῥωμαίοις
979 3541 1071 3607 πάλαι
