<?xml version="1.0" encoding="UTF-8"?>
<!DOCTYPE html PUBLIC "-//W3C//DTD XHTML 1.0 Transitional//EN"
    "http://www.w3.org/TR/xhtml1/DTD/xhtml1-transitional.dtd">
<html xmlns="http://www.w3.org/1999/xhtml" xml:lang="en" lang="en">
 <head>
  <title>
</title>
<meta http-equiv="Content-Type" content="text/html;charset=utf-8" />
  <meta name='ocr-system' content='tesseract 3.04.00' />
  <meta name='ocr-capabilities' content='ocr_page ocr_carea ocr_par ocr_line ocrx_word'/>
</head>
<body>
  <div class='ocr_page' id='page_1' title='image "./ioannislaurenti01wuengoog_0256.png"; bbox 0 0 2530 3988; ppageno 0'>
   <div class='ocr_carea' id='block_1_1' title="bbox 326 176 1095 242">
    <p class='ocr_par' dir='ltr' id='par_1_1' title="bbox 326 176 1095 242">
     <span class='ocr_line' id='line_1_1' title="bbox 326 176 1095 242; baseline 0.017 -12"><span class='ocrx_word' id='word_1_1' title='bbox 326 177 435 232; x_wconf 78' lang='lat' dir='ltr'><strong>LIBER</strong></span> <span class='ocrx_word' id='word_1_2' title='bbox 453 176 630 242; x_wconf 80' lang='lat' dir='ltr'>QUARTUS.</span> <span class='ocrx_word' id='word_1_3' title='bbox 658 177 850 234; x_wconf 79' lang='lat' dir='ltr'>AUGUSTUS</span> <span class='ocrx_word' id='word_1_4' title='bbox 1033 179 1095 242; x_wconf 83' lang='lat'><strong><em>151</em></strong></span> 
     </span>
    </p>
   </div>
   <div class='ocr_carea' id='block_1_2' title="bbox 15 337 1192 3482">
    <p class='ocr_par' dir='ltr' id='par_1_2' title="bbox 15 337 1192 3482">
     <span class='ocr_line' id='line_1_2' title="bbox 86 337 1192 428; baseline -0.001 -22"><span class='ocrx_word' id='word_1_5' title='bbox 86 357 227 423; x_wconf 88' lang='grc' dir='ltr'><strong><em>γουστον</em></strong></span> <span class='ocrx_word' id='word_1_6' title='bbox 256 337 294 405; x_wconf 70' lang='grc' dir='ltr'><strong><em>δὲ</em></strong></span> <span class='ocrx_word' id='word_1_7' title='bbox 324 341 357 405; x_wconf 84' lang='grc' dir='ltr'><strong><em>οί</em></strong></span> <span class='ocrx_word' id='word_1_8' title='bbox 381 339 532 426; x_wconf 81' lang='grc' dir='ltr'><strong><em>Ῥωμαῖοι</em></strong></span> <span class='ocrx_word' id='word_1_9' title='bbox 562 342 644 406; x_wconf 84' lang='grc' dir='ltr'><strong><em>κατά</em></strong></span> <span class='ocrx_word' id='word_1_10' title='bbox 673 341 735 424; x_wconf 85' lang='grc' dir='ltr'><strong><em>τήν</em></strong></span> <span class='ocrx_word' id='word_1_11' title='bbox 761 343 902 427; x_wconf 92' lang='grc' dir='ltr'><strong><em>πάτριον</em></strong></span> <span class='ocrx_word' id='word_1_12' title='bbox 932 345 1192 428; x_wconf 70' lang='grc' dir='ltr'><strong><em>σημασίανΧΗὸ</em></strong></span> 
     </span>
     <span class='ocr_line' id='line_1_3' title="bbox 86 446 1098 535; baseline 0.004 -24"><span class='ocrx_word' id='word_1_13' title='bbox 86 452 222 512; x_wconf 87' lang='grc' dir='ltr'><strong><em>καλοῦσι</em></strong></span> <span class='ocrx_word' id='word_1_14' title='bbox 249 449 310 514; x_wconf 87' lang='grc' dir='ltr'><strong><em>τὸν</em></strong></span> <span class='ocrx_word' id='word_1_15' title='bbox 336 447 407 514; x_wconf 88' lang='grc' dir='ltr'><strong><em>κατ’</em></strong></span> <span class='ocrx_word' id='word_1_16' title='bbox 430 449 554 514; x_wconf 77' lang='grc' dir='ltr'><strong><em>οἰωνὸν</em></strong></span> <span class='ocrx_word' id='word_1_17' title='bbox 580 446 636 513; x_wconf 83' lang='grc' dir='ltr'><strong><em>καὶ</em></strong></span> <span class='ocrx_word' id='word_1_18' title='bbox 663 455 755 514; x_wconf 78' lang='grc' dir='ltr'><strong><em>θεῶν</em></strong></span> <span class='ocrx_word' id='word_1_19' title='bbox 782 451 969 535; x_wconf 80' lang='grc' dir='ltr'><strong><em>μαρτυρίαν</em></strong></span> <span class='ocrx_word' id='word_1_20' title='bbox 995 470 1098 535; x_wconf 92' lang='grc' dir='ltr'><strong><em>προα-</em></strong></span> 
     </span>
     <span class='ocr_line' id='line_1_4' title="bbox 85 555 1134 642; baseline 0.001 -24"><span class='ocrx_word' id='word_1_21' title='bbox 85 555 228 636; x_wconf 90' lang='grc' dir='ltr'><strong><em>γόμενον</em></strong></span> <span class='ocrx_word' id='word_1_22' title='bbox 259 556 307 631; x_wconf 83' lang='grc' dir='ltr'><strong><em>είς</em></strong></span> <span class='ocrx_word' id='word_1_23' title='bbox 335 557 515 638; x_wconf 82' lang='grc' dir='ltr'><strong><em>βασιλείαν.</em></strong></span> <span class='ocrx_word' id='word_1_24' title='bbox 561 555 612 621; x_wconf 85' lang='grc' dir='ltr'><strong><em>ότι</em></strong></span> <span class='ocrx_word' id='word_1_25' title='bbox 645 557 726 640; x_wconf 84' lang='grc' dir='ltr'><strong><em>μετὰ</em></strong></span> <span class='ocrx_word' id='word_1_26' title='bbox 760 557 886 632; x_wconf 84' lang='grc' dir='ltr'><strong><em>πολλάς</em></strong></span> <span class='ocrx_word' id='word_1_27' title='bbox 918 556 998 632; x_wconf 85' lang='grc' dir='ltr'><strong><em>ὅσας</em></strong></span> <span class='ocrx_word' id='word_1_28' title='bbox 1029 555 1134 642; x_wconf 66' lang='lat' dir='ltr'>&amp;pt-s</span> 
     </span>
     <span class='ocr_line' id='line_1_5' title="bbox 86 659 1099 746; baseline 0.004 -22"><span class='ocrx_word' id='word_1_29' title='bbox 86 677 161 737; x_wconf 86' lang='grc' dir='ltr'><strong><em>στας</em></strong></span> <span class='ocrx_word' id='word_1_30' title='bbox 184 661 290 727; x_wconf 84' lang='grc' dir='ltr'><strong><em>αὐτοῦ</em></strong></span> <span class='ocrx_word' id='word_1_31' title='bbox 317 659 451 746; x_wconf 85' lang='grc' dir='ltr'><strong><em>πράξεις</em></strong></span> <span class='ocrx_word' id='word_1_32' title='bbox 478 661 496 728; x_wconf 89' lang='grc' dir='ltr'><strong>ὁ</strong></span> <span class='ocrx_word' id='word_1_33' title='bbox 520 663 715 745; x_wconf 82' lang='grc' dir='ltr'><strong><em>Αίγουστος</em></strong></span> <span class='ocrx_word' id='word_1_34' title='bbox 742 663 802 727; x_wconf 92' lang='grc' dir='ltr'><strong><em>τὸν</em></strong></span> <span class='ocrx_word' id='word_1_35' title='bbox 829 661 893 727; x_wconf 82' lang='grc' dir='ltr'><strong><em>ἀπὸ</em></strong></span> <span class='ocrx_word' id='word_1_36' title='bbox 920 671 979 745; x_wconf 80' lang='grc' dir='ltr'><strong><em>τῆς</em></strong></span> <span class='ocrx_word' id='word_1_37' title='bbox 1005 685 1099 746; x_wconf 90' lang='grc' dir='ltr'><strong><em>μετο-</em></strong></span> 
     </span>
     <span class='ocr_line' id='line_1_6' title="bbox 85 769 1140 853; baseline 0.004 -23"><span class='ocrx_word' id='word_1_38' title='bbox 85 777 232 852; x_wconf 78' lang='grc' dir='ltr'><strong><em>πωρινῆς</em></strong></span> <span class='ocrx_word' id='word_1_39' title='bbox 266 769 436 853; x_wconf 78' lang='grc' dir='ltr'><strong><em>ἰσημερίας</em></strong></span> <span class='ocrx_word' id='word_1_40' title='bbox 467 770 756 853; x_wconf 79' lang='grc' dir='ltr'><strong><em>πεντεκαιδεκαετῆ</em></strong></span> <span class='ocrx_word' id='word_1_41' title='bbox 790 769 915 834; x_wconf 81' lang='grc' dir='ltr'><strong><em>κύκλον</em></strong></span> <span class='ocrx_word' id='word_1_42' title='bbox 946 771 1100 853; x_wconf 76' lang='grc' dir='ltr'><strong><em>εἰσήγαγε</em></strong></span> <span class='ocrx_word' id='word_1_43' title='bbox 1128 794 1140 834; x_wconf 80' lang='lat'>⁵</span> 
     </span>
     <span class='ocr_line' id='line_1_7' title="bbox 83 872 1101 962; baseline 0.003 -25"><span class='ocrx_word' id='word_1_44' title='bbox 83 872 137 938; x_wconf 86' lang='grc' dir='ltr'><strong><em>καὶ</em></strong></span> <span class='ocrx_word' id='word_1_45' title='bbox 159 874 268 962; x_wconf 75' lang='grc' dir='ltr'><strong><em>τούτῳ</em></strong></span> <span class='ocrx_word' id='word_1_46' title='bbox 295 884 366 952; x_wconf 77' lang='grc' dir='ltr'><strong><em>τοῖς</em></strong></span> <span class='ocrx_word' id='word_1_47' title='bbox 393 880 641 960; x_wconf 76' lang='grc' dir='ltr'><strong><em>φιλοσοφοῦσιν</em></strong></span> <span class='ocrx_word' id='word_1_48' title='bbox 668 873 842 960; x_wconf 80' lang='grc' dir='ltr'><strong><em>ἑπόμενος,</em></strong></span> <span class='ocrx_word' id='word_1_49' title='bbox 870 876 906 941; x_wconf 85' lang='grc' dir='ltr'><strong><em>οί</em></strong></span> <span class='ocrx_word' id='word_1_50' title='bbox 930 893 1012 960; x_wconf 90' lang='grc' dir='ltr'><strong><em>φασι</em></strong></span> <span class='ocrx_word' id='word_1_51' title='bbox 1039 877 1101 959; x_wconf 88' lang='grc' dir='ltr'><strong><em>τήν</em></strong></span> 
     </span>
     <span class='ocr_line' id='line_1_8' title="bbox 86 980 1101 1068; baseline 0.002 -24"><span class='ocrx_word' id='word_1_52' title='bbox 86 981 281 1066; x_wconf 80' lang='grc' dir='ltr'><strong><em>ἰσημερινήν</em></strong></span> <span class='ocrx_word' id='word_1_53' title='bbox 299 983 391 1067; x_wconf 82' lang='grc' dir='ltr'><strong><em>ὥραν</em></strong></span> <span class='ocrx_word' id='word_1_54' title='bbox 410 982 609 1047; x_wconf 77' lang='grc' dir='ltr'><strong><em>συνεστάναι</em></strong></span> <span class='ocrx_word' id='word_1_55' title='bbox 627 981 663 1046; x_wconf 80' lang='grc' dir='ltr'><strong><em>ἐκ</em></strong></span> <span class='ocrx_word' id='word_1_56' title='bbox 682 980 859 1048; x_wconf 82' lang='grc' dir='ltr'><strong><em>δεκαπέντε</em></strong></span> <span class='ocrx_word' id='word_1_57' title='bbox 876 993 1012 1068; x_wconf 84' lang='grc' dir='ltr'><strong><em>μοιρῶν.</em></strong></span> <span class='ocrx_word' id='word_1_58' title='bbox 1049 981 1101 1046; x_wconf 83' lang='grc' dir='ltr'><strong><em>ὅτι</em></strong></span> 
     </span>
     <span class='ocr_line' id='line_1_9' title="bbox 85 1087 1101 1174; baseline 0.001 -22"><span class='ocrx_word' id='word_1_59' title='bbox 85 1088 115 1152; x_wconf 84' lang='grc' dir='ltr'><strong><em>οἱ</em></strong></span> <span class='ocrx_word' id='word_1_60' title='bbox 133 1087 288 1172; x_wconf 81' lang='grc' dir='ltr'><strong><em>Ῥωμαῖοι</em></strong></span> <span class='ocrx_word' id='word_1_61' title='bbox 312 1089 512 1171; x_wconf 78' lang='grc' dir='ltr'><strong><em>Αὔγουστον</em></strong></span> <span class='ocrx_word' id='word_1_62' title='bbox 533 1089 593 1152; x_wconf 90' lang='grc' dir='ltr'><strong><em>τὸν</em></strong></span> <span class='ocrx_word' id='word_1_63' title='bbox 620 1097 708 1172; x_wconf 85' lang='grc' dir='ltr'><strong><em>μήνα</em></strong></span> <span class='ocrx_word' id='word_1_64' title='bbox 734 1088 911 1174; x_wconf 82' lang='grc' dir='ltr'><strong><em>ὠνόμασαν</em></strong></span> <span class='ocrx_word' id='word_1_65' title='bbox 934 1091 980 1166; x_wconf 86' lang='grc' dir='ltr'><strong><em>είς</em></strong></span> <span class='ocrx_word' id='word_1_66' title='bbox 1002 1090 1101 1173; x_wconf 85' lang='grc' dir='ltr'><strong><em>τιμήν</em></strong></span> 
     </span>
     <span class='ocr_line' id='line_1_10' title="bbox 84 1193 1102 1280; baseline 0.002 -22"><span class='ocrx_word' id='word_1_67' title='bbox 84 1204 143 1259; x_wconf 90' lang='grc' dir='ltr'><strong><em>τοῦ</em></strong></span> <span class='ocrx_word' id='word_1_68' title='bbox 169 1193 370 1277; x_wconf 81' lang='grc' dir='ltr'><strong><em>Αὐγούστου</em></strong></span> <span class='ocrx_word' id='word_1_69' title='bbox 391 1198 562 1280; x_wconf 88' lang='grc' dir='ltr'><strong><em>Καίσαρος</em></strong></span> <span class='ocrx_word' id='word_1_70' title='bbox 584 1194 818 1272; x_wconf 78' lang='grc' dir='ltr'><strong><em>ἀποθανόντος</em></strong></span> <span class='ocrx_word' id='word_1_71' title='bbox 844 1197 889 1272; x_wconf 80' lang='grc' dir='ltr'><strong><em>ὥς</em></strong></span> <span class='ocrx_word' id='word_1_72' title='bbox 915 1212 997 1280; x_wconf 91' lang='grc' dir='ltr'><strong><em>φασι</em></strong></span> <span class='ocrx_word' id='word_1_73' title='bbox 1019 1197 1102 1261; x_wconf 83' lang='grc' dir='ltr'><strong><em>κατά</em></strong></span> 
     </span>
     <span class='ocr_line' id='line_1_11' title="bbox 84 1300 1143 1386; baseline 0.002 -21"><span class='ocrx_word' id='word_1_74' title='bbox 84 1302 144 1384; x_wconf 84' lang='grc' dir='ltr'><strong><em>τήν</em></strong></span> <span class='ocrx_word' id='word_1_75' title='bbox 167 1300 402 1385; x_wconf 82' lang='grc' dir='ltr'><strong><em>ἑκκαιδεκάτην</em></strong></span> <span class='ocrx_word' id='word_1_76' title='bbox 423 1310 484 1366; x_wconf 90' lang='grc' dir='ltr'><strong><em>τοῦ</em></strong></span> <span class='ocrx_word' id='word_1_77' title='bbox 507 1302 663 1367; x_wconf 92' lang='grc' dir='ltr'><strong><em>τοιούτου</em></strong></span> <span class='ocrx_word' id='word_1_78' title='bbox 685 1303 797 1386; x_wconf 89' lang='grc' dir='ltr'><strong><em>μηνός.</em></strong></span> <span class='ocrx_word' id='word_1_79' title='bbox 1116 1327 1143 1367; x_wconf 78' lang='grc' dir='ltr'><strong><em>ιο</em></strong></span> 
     </span>
     <span class='ocr_line' id='line_1_12' title="bbox 40 1405 1143 1493; baseline 0.002 -24"><span class='ocrx_word' id='word_1_80' title='bbox 40 1415 152 1472; x_wconf 77' lang='lat' dir='ltr'><strong>erll39</strong></span> <span class='ocrx_word' id='word_1_81' title='bbox 181 1408 253 1472; x_wconf 78' lang='lat'>112.</span> <span class='ocrx_word' id='word_1_82' title='bbox 268 1405 338 1472; x_wconf 84' lang='grc' dir='ltr'><strong><em>Ὅτι</em></strong></span> <span class='ocrx_word' id='word_1_83' title='bbox 361 1408 557 1489; x_wconf 80' lang='grc' dir='ltr'><strong><em>Αὔγουστος</em></strong></span> <span class='ocrx_word' id='word_1_84' title='bbox 578 1409 639 1473; x_wconf 89' lang='grc' dir='ltr'><strong><em>τὸν</em></strong></span> <span class='ocrx_word' id='word_1_85' title='bbox 656 1417 717 1473; x_wconf 94' lang='grc' dir='ltr'><strong><em>τοῦ</em></strong></span> <span class='ocrx_word' id='word_1_86' title='bbox 740 1405 955 1493; x_wconf 80' lang='grc' dir='ltr'><strong><em>Σοφοκλέους</em></strong></span> <span class='ocrx_word' id='word_1_87' title='bbox 974 1413 1103 1473; x_wconf 86' lang='grc' dir='ltr'><strong><em>Αίαντα</em></strong></span> <span class='ocrx_word' id='word_1_88' title='bbox 1117 1418 1143 1471; x_wconf 92' lang='lat' dir='ltr'>Y</span> 
     </span>
     <span class='ocr_line' id='line_1_13' title="bbox 84 1509 1102 1599; baseline 0 -20"><span class='ocrx_word' id='word_1_89' title='bbox 84 1516 131 1591; x_wconf 81' lang='grc' dir='ltr'><strong><em>εἰς</em></strong></span> <span class='ocrx_word' id='word_1_90' title='bbox 158 1515 222 1598; x_wconf 83' lang='grc' dir='ltr'><strong><em>τήν</em></strong></span> <span class='ocrx_word' id='word_1_91' title='bbox 248 1515 390 1599; x_wconf 88' lang='grc' dir='ltr'><strong><em>πάτριον</em></strong></span> <span class='ocrx_word' id='word_1_92' title='bbox 417 1514 535 1597; x_wconf 81' lang='grc' dir='ltr'><strong><em>φωνὴν</em></strong></span> <span class='ocrx_word' id='word_1_93' title='bbox 561 1517 772 1599; x_wconf 82' lang='grc' dir='ltr'><strong><em>μετήνεγκεν·</em></strong></span> <span class='ocrx_word' id='word_1_94' title='bbox 800 1509 870 1580; x_wconf 82' lang='grc' dir='ltr'><strong><em>εἶτα</em></strong></span> <span class='ocrx_word' id='word_1_95' title='bbox 897 1513 1102 1598; x_wconf 81' lang='grc' dir='ltr'><strong><em>ἀκμαζούσης</em></strong></span> 
     </span>
     <span class='ocr_line' id='line_1_14' title="bbox 85 1619 1103 1709; baseline 0.001 -25"><span class='ocrx_word' id='word_1_96' title='bbox 85 1620 176 1709; x_wconf 76' lang='grc' dir='ltr'><strong><em>αὐτῷ</em></strong></span> <span class='ocrx_word' id='word_1_97' title='bbox 199 1621 279 1704; x_wconf 86' lang='grc' dir='ltr'><strong><em>μετὰ</em></strong></span> <span class='ocrx_word' id='word_1_98' title='bbox 308 1621 370 1703; x_wconf 87' lang='grc' dir='ltr'><strong><em>τήν</em></strong></span> <span class='ocrx_word' id='word_1_99' title='bbox 395 1621 581 1707; x_wconf 83' lang='grc' dir='ltr'><strong><em>πρακτικήν</em></strong></span> <span class='ocrx_word' id='word_1_100' title='bbox 607 1619 662 1685; x_wconf 84' lang='grc' dir='ltr'><strong><em>καὶ</em></strong></span> <span class='ocrx_word' id='word_1_101' title='bbox 690 1629 748 1705; x_wconf 80' lang='grc' dir='ltr'><strong><em>τῆς</em></strong></span> <span class='ocrx_word' id='word_1_102' title='bbox 775 1619 811 1685; x_wconf 80' lang='grc' dir='ltr'><strong><em>ἐκ</em></strong></span> <span class='ocrx_word' id='word_1_103' title='bbox 838 1622 949 1703; x_wconf 86' lang='grc' dir='ltr'><strong><em>λόγων</em></strong></span> <span class='ocrx_word' id='word_1_104' title='bbox 975 1619 1103 1707; x_wconf 84' lang='grc' dir='ltr'><strong><em>άρετής,</em></strong></span> 
     </span>
     <span class='ocr_line' id='line_1_15' title="bbox 84 1724 1103 1813; baseline 0.002 -23"><span class='ocrx_word' id='word_1_105' title='bbox 84 1726 129 1802; x_wconf 80' lang='grc' dir='ltr'><strong><em>ὡς</em></strong></span> <span class='ocrx_word' id='word_1_106' title='bbox 153 1724 293 1804; x_wconf 82' lang='grc' dir='ltr'><strong><em>ἀναξίαν</em></strong></span> <span class='ocrx_word' id='word_1_107' title='bbox 316 1725 352 1792; x_wconf 78' lang='grc' dir='ltr'><strong><em>ἐκ</em></strong></span> <span class='ocrx_word' id='word_1_108' title='bbox 374 1731 565 1813; x_wconf 78' lang='grc' dir='ltr'><strong><em>παραβολῆς</em></strong></span> <span class='ocrx_word' id='word_1_109' title='bbox 592 1729 675 1813; x_wconf 90' lang='grc' dir='ltr'><strong><em>πρὸς</em></strong></span> <span class='ocrx_word' id='word_1_110' title='bbox 698 1725 876 1812; x_wconf 79' lang='grc' dir='ltr'><strong><em>Σοφοκλέα</em></strong></span> <span class='ocrx_word' id='word_1_111' title='bbox 899 1727 959 1810; x_wconf 88' lang='grc' dir='ltr'><strong><em>τήν</em></strong></span> <span class='ocrx_word' id='word_1_112' title='bbox 983 1726 1103 1793; x_wconf 83' lang='grc' dir='ltr'><strong><em>ἑαυτοῦ</em></strong></span> 
     </span>
     <span class='ocr_line' id='line_1_16' title="bbox 84 1829 1170 1921; baseline 0 -25"><span class='ocrx_word' id='word_1_113' title='bbox 84 1834 281 1916; x_wconf 86' lang='grc' dir='ltr'><strong><em>διεγίναισκε</em></strong></span> <span class='ocrx_word' id='word_1_114' title='bbox 308 1835 514 1921; x_wconf 77' lang='grc' dir='ltr'><strong><em>τραγῳδίαν,</em></strong></span> <span class='ocrx_word' id='word_1_115' title='bbox 544 1834 669 1918; x_wconf 88' lang='grc' dir='ltr'><strong><em>ταύτην</em></strong></span> <span class='ocrx_word' id='word_1_116' title='bbox 697 1832 875 1918; x_wconf 79' lang='grc' dir='ltr'><strong><em>ἐξήλειψεν.</em></strong></span> <span class='ocrx_word' id='word_1_117' title='bbox 925 1829 996 1899; x_wconf 82' lang='grc' dir='ltr'><strong><em>εἶτα</em></strong></span> <span class='ocrx_word' id='word_1_118' title='bbox 1026 1832 1106 1919; x_wconf 79' lang='grc' dir='ltr'><strong><em>ἐριο-</em></strong></span> <span class='ocrx_word' id='word_1_119' title='bbox 1120 1843 1170 1897; x_wconf 86' lang='lat' dir='ltr'><strong><em>YS</em></strong></span> 
     </span>
     <span class='ocr_line' id='line_1_17' title="bbox 15 1931 1145 2027; baseline 0.001 -23"><span class='ocrx_word' id='word_1_120' title='bbox 15 2013 17 2018; x_wconf 67' lang='lat'>,</span> <span class='ocrx_word' id='word_1_121' title='bbox 85 1937 202 2023; x_wconf 81' lang='grc' dir='ltr'><strong><em>τηθείς</em></strong></span> <span class='ocrx_word' id='word_1_122' title='bbox 233 1940 316 2024; x_wconf 88' lang='grc' dir='ltr'><strong><em>πρὸς</em></strong></span> <span class='ocrx_word' id='word_1_123' title='bbox 347 1948 408 2005; x_wconf 90' lang='grc' dir='ltr'><strong><em>τοῦ</em></strong></span> <span class='ocrx_word' id='word_1_124' title='bbox 438 1938 644 2025; x_wconf 80' lang='grc' dir='ltr'><strong><em>Κικέρωνος,</em></strong></span> <span class='ocrx_word' id='word_1_125' title='bbox 675 1937 751 2025; x_wconf 88' lang='grc' dir='ltr'><strong><em>παρ’</em></strong></span> <span class='ocrx_word' id='word_1_126' title='bbox 786 1931 812 2027; x_wconf 75' lang='grc' dir='ltr'><em>ᾧ</em></span> <span class='ocrx_word' id='word_1_127' title='bbox 843 1941 924 2024; x_wconf 88' lang='grc' dir='ltr'><strong><em>μετδι</em></strong></span> <span class='ocrx_word' id='word_1_128' title='bbox 957 1941 1104 2024; x_wconf 77' lang='grc' dir='ltr'><strong><em>σπουδῆς</em></strong></span> <span class='ocrx_word' id='word_1_129' title='bbox 1119 1967 1145 2006; x_wconf 79' lang='grc' dir='ltr'><strong><em>ιι</em></strong></span> 
     </span>
     <span class='ocr_line' id='line_1_18' title="bbox 87 2045 1106 2131; baseline 0.002 -21"><span class='ocrx_word' id='word_1_130' title='bbox 87 2045 295 2111; x_wconf 78' lang='grc' dir='ltr'><strong><em>ἐπαιδεύετο·</em></strong></span> <span class='ocrx_word' id='word_1_131' title='bbox 328 2045 410 2110; x_wconf 70' lang='grc' dir='ltr'><strong><em>“ποῦ</em></strong></span> <span class='ocrx_word' id='word_1_132' title='bbox 442 2046 599 2130; x_wconf 79' lang='grc' dir='ltr'><strong><em>τυγχάνει</em></strong></span> <span class='ocrx_word' id='word_1_133' title='bbox 631 2045 649 2110; x_wconf 86' lang='grc' dir='ltr'>ὁ</span> <span class='ocrx_word' id='word_1_134' title='bbox 681 2046 770 2131; x_wconf 82' lang='grc' dir='ltr'><strong><em>παρὰ</em></strong></span> <span class='ocrx_word' id='word_1_135' title='bbox 804 2054 866 2111; x_wconf 90' lang='grc' dir='ltr'><strong><em>σοῦ</em></strong></span> <span class='ocrx_word' id='word_1_136' title='bbox 895 2047 1106 2131; x_wconf 86' lang='grc' dir='ltr'><strong><em>γραφόμενος</em></strong></span> 
     </span>
     <span class='ocr_line' id='line_1_19' title="bbox 90 2150 1105 2240; baseline 0.001 -24"><span class='ocrx_word' id='word_1_137' title='bbox 90 2151 202 2231; x_wconf 86' lang='grc' dir='ltr'><strong><em>Αίας;’</em></strong></span> <span class='ocrx_word' id='word_1_138' title='bbox 225 2150 362 2228; x_wconf 83' lang='grc' dir='ltr'><strong><em>ἀστείως</em></strong></span> <span class='ocrx_word' id='word_1_139' title='bbox 384 2153 451 2236; x_wconf 79' lang='grc' dir='ltr'><strong><em>ἅμα</em></strong></span> <span class='ocrx_word' id='word_1_140' title='bbox 473 2150 528 2217; x_wconf 81' lang='grc' dir='ltr'><strong><em>καί</em></strong></span> <span class='ocrx_word' id='word_1_141' title='bbox 550 2163 717 2236; x_wconf 85' lang='grc' dir='ltr'><strong><em>νουνεχῶς</em></strong></span> <span class='ocrx_word' id='word_1_142' title='bbox 736 2151 947 2237; x_wconf 82' lang='grc' dir='ltr'><strong><em>ἀπεκρίνατο,</em></strong></span> <span class='ocrx_word' id='word_1_143' title='bbox 970 2154 1105 2240; x_wconf 79' lang='grc' dir='ltr'><strong><em>σπόγγῳ</em></strong></span> 
     </span>
     <span class='ocr_line' id='line_1_20' title="bbox 86 2257 1106 2346; baseline 0 -22"><span class='ocrx_word' id='word_1_144' title='bbox 86 2261 147 2325; x_wconf 89' lang='grc' dir='ltr'><strong><em>τὸν</em></strong></span> <span class='ocrx_word' id='word_1_145' title='bbox 182 2257 302 2324; x_wconf 82' lang='grc' dir='ltr'><strong><em>ἑαυτοῦ</em></strong></span> <span class='ocrx_word' id='word_1_146' title='bbox 333 2265 481 2342; x_wconf 80' lang='grc' dir='ltr'><strong><em>Αίαντα,</em></strong></span> <span class='ocrx_word' id='word_1_147' title='bbox 513 2260 664 2341; x_wconf 78' lang='grc' dir='ltr'><strong><em>καθάπερ</em></strong></span> <span class='ocrx_word' id='word_1_148' title='bbox 698 2260 823 2346; x_wconf 86' lang='grc' dir='ltr'><strong><em>σιδήρφ</em></strong></span> <span class='ocrx_word' id='word_1_149' title='bbox 855 2260 915 2324; x_wconf 88' lang='grc' dir='ltr'><strong><em>τὸν</em></strong></span> <span class='ocrx_word' id='word_1_150' title='bbox 946 2268 1007 2324; x_wconf 90' lang='grc' dir='ltr'><strong><em>τοῦ</em></strong></span> <span class='ocrx_word' id='word_1_151' title='bbox 1039 2264 1106 2324; x_wconf 88' lang='grc' dir='ltr'><strong><em>Σο-</em></strong></span> 
     </span>
     <span class='ocr_line' id='line_1_21' title="bbox 87 2363 1147 2452; baseline -0.001 -21"><span class='ocrx_word' id='word_1_152' title='bbox 87 2363 269 2451; x_wconf 79' lang='grc' dir='ltr'><strong><em>φοκλέους,</em></strong></span> <span class='ocrx_word' id='word_1_153' title='bbox 303 2364 480 2431; x_wconf 85' lang='grc' dir='ltr'><strong><em>ἐπιπεσεῖν.</em></strong></span> <span class='ocrx_word' id='word_1_154' title='bbox 534 2363 590 2429; x_wconf 83' lang='grc' dir='ltr'><strong><em>καὶ</em></strong></span> <span class='ocrx_word' id='word_1_155' title='bbox 621 2365 764 2448; x_wconf 82' lang='grc' dir='ltr'><strong><em>τοσαύτη</em></strong></span> <span class='ocrx_word' id='word_1_156' title='bbox 792 2388 843 2441; x_wconf 89' lang='grc' dir='ltr'><strong><em>τις</em></strong></span> <span class='ocrx_word' id='word_1_157' title='bbox 880 2364 971 2452; x_wconf 76' lang='grc' dir='ltr'><strong><em>αύτῷ</em></strong></span> <span class='ocrx_word' id='word_1_158' title='bbox 1003 2376 1147 2451; x_wconf 82' lang='grc' dir='ltr'><strong><em>φρον-Υ</em></strong></span> 
     </span>
     <span class='ocr_line' id='line_1_22' title="bbox 87 2467 1147 2558; baseline 0.001 -21"><span class='ocrx_word' id='word_1_159' title='bbox 87 2471 139 2550; x_wconf 82' lang='grc' dir='ltr'><strong><em>τὶς</em></strong></span> <span class='ocrx_word' id='word_1_160' title='bbox 166 2467 251 2537; x_wconf 81' lang='grc' dir='ltr'><strong><em>οὖσα</em></strong></span> <span class='ocrx_word' id='word_1_161' title='bbox 277 2471 353 2558; x_wconf 86' lang='grc' dir='ltr'><strong><em>περὶ</em></strong></span> <span class='ocrx_word' id='word_1_162' title='bbox 381 2475 503 2555; x_wconf 90' lang='grc' dir='ltr'><strong><em>λόγους</em></strong></span> <span class='ocrx_word' id='word_1_163' title='bbox 531 2471 725 2556; x_wconf 79' lang='grc' dir='ltr'><strong><em>ἐτύγχανεν,</em></strong></span> <span class='ocrx_word' id='word_1_164' title='bbox 753 2472 797 2547; x_wconf 82' lang='grc' dir='ltr'><strong><em>ὡς</em></strong></span> <span class='ocrx_word' id='word_1_165' title='bbox 824 2473 984 2558; x_wconf 78' lang='grc' dir='ltr'><strong><em>ἄρχοντος</em></strong></span> <span class='ocrx_word' id='word_1_166' title='bbox 1011 2471 1107 2536; x_wconf 89' lang='grc' dir='ltr'><strong><em>άπαι-</em></strong></span> <span class='ocrx_word' id='word_1_167' title='bbox 1121 2499 1147 2538; x_wconf 81' lang='grc' dir='ltr'><strong><em>ιι</em></strong></span> 
     </span>
     <span class='ocr_line' id='line_1_23' title="bbox 89 2576 1109 2666; baseline -0.002 -22"><span class='ocrx_word' id='word_1_168' title='bbox 89 2580 213 2645; x_wconf 88' lang='grc' dir='ltr'><strong><em>δεύτου</em></strong></span> <span class='ocrx_word' id='word_1_169' title='bbox 235 2580 361 2665; x_wconf 79' lang='grc' dir='ltr'><strong><em>γράψαι</em></strong></span> <span class='ocrx_word' id='word_1_170' title='bbox 383 2580 467 2666; x_wconf 86' lang='grc' dir='ltr'><strong><em>πρὸς</em></strong></span> <span class='ocrx_word' id='word_1_171' title='bbox 490 2577 593 2644; x_wconf 85' lang='grc' dir='ltr'><strong><em>αὐτὸν</em></strong></span> <span class='ocrx_word' id='word_1_172' title='bbox 612 2579 776 2662; x_wconf 77' lang='grc' dir='ltr'><strong><em>δημοσίαν</em></strong></span> <span class='ocrx_word' id='word_1_173' title='bbox 796 2580 1021 2662; x_wconf 75' lang='grc' dir='ltr'><strong><em>τολμήσαντος</em></strong></span> <span class='ocrx_word' id='word_1_174' title='bbox 1040 2576 1109 2642; x_wconf 82' lang='grc' dir='ltr'><strong><em>ἐπι-</em></strong></span> 
     </span>
     <span class='ocr_line' id='line_1_24' title="bbox 90 2683 1109 2770; baseline -0.003 -19"><span class='ocrx_word' id='word_1_175' title='bbox 90 2686 215 2769; x_wconf 84' lang='grc' dir='ltr'><strong><em>στολήν</em></strong></span> <span class='ocrx_word' id='word_1_176' title='bbox 241 2685 346 2762; x_wconf 83' lang='grc' dir='ltr'><strong><em>οὕτως</em></strong></span> <span class='ocrx_word' id='word_1_177' title='bbox 373 2685 612 2769; x_wconf 78' lang='grc' dir='ltr'><strong><em>ἀγανακτῆσαι,</em></strong></span> <span class='ocrx_word' id='word_1_178' title='bbox 640 2685 685 2761; x_wconf 84' lang='grc' dir='ltr'><strong><em>ὡς</em></strong></span> <span class='ocrx_word' id='word_1_179' title='bbox 711 2690 899 2770; x_wconf 89' lang='grc' dir='ltr'><strong><em>παραλῦσαι</em></strong></span> <span class='ocrx_word' id='word_1_180' title='bbox 926 2693 984 2768; x_wconf 77' lang='grc' dir='ltr'><strong><em>τῆς</em></strong></span> <span class='ocrx_word' id='word_1_181' title='bbox 1007 2683 1109 2770; x_wconf 79' lang='grc' dir='ltr'><strong><em>ἀρχῆς</em></strong></span> 
     </span>
     <span class='ocr_line' id='line_1_25' title="bbox 163 2837 1109 2913; baseline -0.003 -17"><span class='ocrx_word' id='word_1_182' title='bbox 163 2861 187 2896; x_wconf 89' lang='lat' dir='ltr'><strong><em>v.</em></strong></span> <span class='ocrx_word' id='word_1_183' title='bbox 204 2849 218 2896; x_wconf 94' lang='lat'>1</span> <span class='ocrx_word' id='word_1_184' title='bbox 241 2842 268 2897; x_wconf 87' lang='grc' dir='ltr'><strong><em>ολ</em></strong></span> <span class='ocrx_word' id='word_1_185' title='bbox 287 2841 365 2897; x_wconf 87' lang='lat' dir='ltr'>omis.</span> <span class='ocrx_word' id='word_1_186' title='bbox 375 2843 411 2896; x_wconf 89' lang='lat' dir='ltr'><strong><em>H</em></strong></span> <span class='ocrx_word' id='word_1_187' title='bbox 413 2843 435 2897; x_wconf 82' lang='lat' dir='ltr'><strong><em>S</em></strong></span> <span class='ocrx_word' id='word_1_188' title='bbox 449 2845 453 2913; x_wconf 99' lang='grc' dir='ltr'>Ι</span> <span class='ocrx_word' id='word_1_189' title='bbox 469 2841 541 2897; x_wconf 83' lang='grc' dir='ltr'><strong><em>κατὰ</em></strong></span> <span class='ocrx_word' id='word_1_190' title='bbox 551 2838 734 2911; x_wconf 88' lang='grc' dir='ltr'><strong><em>-σημαοίαν</em></strong></span> <span class='ocrx_word' id='word_1_191' title='bbox 753 2839 831 2895; x_wconf 77' lang='lat' dir='ltr'>omiS.</span> <span class='ocrx_word' id='word_1_192' title='bbox 845 2839 884 2911; x_wconf 71' lang='grc' dir='ltr'><strong><em>δΙ</em></strong></span> <span class='ocrx_word' id='word_1_193' title='bbox 902 2837 1040 2910; x_wconf 86' lang='grc' dir='ltr'><strong><em>σημασίαν</em></strong></span> <span class='ocrx_word' id='word_1_194' title='bbox 1059 2840 1109 2893; x_wconf 87' lang='grc' dir='ltr'><strong><em>αό-</em></strong></span> 
     </span>
     <span class='ocr_line' id='line_1_26' title="bbox 89 2908 1110 2983; baseline -0.003 -16"><span class='ocrx_word' id='word_1_195' title='bbox 89 2924 147 2969; x_wconf 80' lang='grc' dir='ltr'><strong><em>τῶν</em></strong></span> <span class='ocrx_word' id='word_1_196' title='bbox 165 2913 216 2968; x_wconf 88' lang='grc' dir='ltr'><strong><em>τὸν</em></strong></span> <span class='ocrx_word' id='word_1_197' title='bbox 228 2914 264 2967; x_wconf 89' lang='lat' dir='ltr'><strong><em>H</em></strong></span> <span class='ocrx_word' id='word_1_198' title='bbox 333 2919 349 2967; x_wconf 74' lang='grc' dir='ltr'><strong><em>λ</em></strong></span> <span class='ocrx_word' id='word_1_199' title='bbox 368 2917 483 2968; x_wconf 89' lang='grc' dir='ltr'><strong><em>καλοῦσι</em></strong></span> <span class='ocrx_word' id='word_1_200' title='bbox 497 2914 535 2982; x_wconf 83' lang='grc' dir='ltr'><strong><em>Χ,</em></strong></span> <span class='ocrx_word' id='word_1_201' title='bbox 555 2930 625 2983; x_wconf 89' lang='grc' dir='ltr'><strong><em>φασι</em></strong></span> <span class='ocrx_word' id='word_1_202' title='bbox 640 2913 667 2981; x_wconf 78' lang='lat' dir='ltr'><strong><em>S,</em></strong></span> <span class='ocrx_word' id='word_1_203' title='bbox 686 2916 801 2967; x_wconf 88' lang='grc' dir='ltr'><strong><em>καλοῦσι</em></strong></span> <span class='ocrx_word' id='word_1_204' title='bbox 818 2913 884 2981; x_wconf 77' lang='lat' dir='ltr'><strong>post</strong></span> <span class='ocrx_word' id='word_1_205' title='bbox 900 2908 1043 2983; x_wconf 82' lang='grc' dir='ltr'><strong><em>βασιλείαν</em></strong></span> <span class='ocrx_word' id='word_1_206' title='bbox 1060 2926 1110 2980; x_wconf 89' lang='lat' dir='ltr'><strong><em>po·</em></strong></span> 
     </span>
     <span class='ocr_line' id='line_1_27' title="bbox 91 2979 1110 3057; baseline -0.005 -18"><span class='ocrx_word' id='word_1_207' title='bbox 91 2985 151 3039; x_wconf 79' lang='lat' dir='ltr'><strong>suit</strong></span> <span class='ocrx_word' id='word_1_208' title='bbox 169 2985 220 3057; x_wconf 90' lang='grc' dir='ltr'><strong><em>ΗΙ</em></strong></span> <span class='ocrx_word' id='word_1_209' title='bbox 240 2983 313 3039; x_wconf 78' lang='grc' dir='ltr'><strong><em>κατὰ</em></strong></span> <span class='ocrx_word' id='word_1_210' title='bbox 331 2985 367 3038; x_wconf 90' lang='lat' dir='ltr'><strong><em>H</em></strong></span> <span class='ocrx_word' id='word_1_211' title='bbox 382 2985 495 3055; x_wconf 81' lang='grc' dir='ltr'><strong><em>(οἰωνὸν</em></strong></span> <span class='ocrx_word' id='word_1_212' title='bbox 513 2986 561 3039; x_wconf 84' lang='grc' dir='ltr'><strong><em>καλ</em></strong></span> <span class='ocrx_word' id='word_1_213' title='bbox 581 2983 670 3053; x_wconf 70' lang='lat' dir='ltr'><strong>omia.)</strong></span> <span class='ocrx_word' id='word_1_214' title='bbox 690 2986 694 3053; x_wconf 92' lang='grc' dir='ltr'>Ι</span> <span class='ocrx_word' id='word_1_215' title='bbox 715 2980 778 3038; x_wconf 84' lang='grc' dir='ltr'><strong><em>κατ’</em></strong></span> <span class='ocrx_word' id='word_1_216' title='bbox 796 2982 898 3037; x_wconf 86' lang='grc' dir='ltr'><strong><em>οίωνδν</em></strong></span> <span class='ocrx_word' id='word_1_217' title='bbox 917 2981 945 3051; x_wconf 81' lang='lat' dir='ltr'><strong><em>S,</em></strong></span> <span class='ocrx_word' id='word_1_218' title='bbox 964 2979 1034 3036; x_wconf 75' lang='grc' dir='ltr'><strong><em>καθ’</em></strong></span> <span class='ocrx_word' id='word_1_219' title='bbox 1052 2981 1110 3035; x_wconf 88' lang='grc' dir='ltr'><strong><em>ολο-</em></strong></span> 
     </span>
     <span class='ocr_line' id='line_1_28' title="bbox 91 3049 1110 3128; baseline -0.005 -17"><span class='ocrx_word' id='word_1_220' title='bbox 91 3065 163 3112; x_wconf 90' lang='grc' dir='ltr'><strong><em>νοῦν</em></strong></span> <span class='ocrx_word' id='word_1_221' title='bbox 185 3055 226 3124; x_wconf 87' lang='grc' dir='ltr'><strong><em>Α,</em></strong></span> <span class='ocrx_word' id='word_1_222' title='bbox 253 3059 409 3124; x_wconf 78' lang='grc' dir='ltr'><strong><em>καθιεροῦν</em></strong></span> <span class='ocrx_word' id='word_1_223' title='bbox 432 3056 506 3128; x_wconf 81' lang='lat' dir='ltr'><strong><em>A‚B</em></strong></span> <span class='ocrx_word' id='word_1_224' title='bbox 529 3055 533 3128; x_wconf 92' lang='grc' dir='ltr'>Ι</span> <span class='ocrx_word' id='word_1_225' title='bbox 557 3059 635 3110; x_wconf 80' lang='grc' dir='ltr'><strong><em>θεῶν</em></strong></span> <span class='ocrx_word' id='word_1_226' title='bbox 653 3055 693 3123; x_wconf 85' lang='grc' dir='ltr'><strong><em>Α,</em></strong></span> <span class='ocrx_word' id='word_1_227' title='bbox 721 3058 792 3108; x_wconf 81' lang='grc' dir='ltr'><strong><em>θεοῦ</em></strong></span> <span class='ocrx_word' id='word_1_228' title='bbox 811 3052 903 3107; x_wconf 82' lang='lat' dir='ltr'><strong><em>BHS</em></strong></span> <span class='ocrx_word' id='word_1_229' title='bbox 925 3054 930 3124; x_wconf 97' lang='grc' dir='ltr'>Ι</span> <span class='ocrx_word' id='word_1_230' title='bbox 955 3049 1110 3121; x_wconf 87' lang='grc' dir='ltr'><strong><em>μαρτυρίαν</em></strong></span> 
     </span>
     <span class='ocr_line' id='line_1_29' title="bbox 90 3121 1110 3198; baseline -0.006 -16"><span class='ocrx_word' id='word_1_231' title='bbox 90 3130 129 3194; x_wconf 84' lang='grc' dir='ltr'><strong><em>Α,</em></strong></span> <span class='ocrx_word' id='word_1_232' title='bbox 148 3123 302 3196; x_wconf 88' lang='grc' dir='ltr'><strong><em>μαρτυρίας</em></strong></span> <span class='ocrx_word' id='word_1_233' title='bbox 319 3127 388 3181; x_wconf 89' lang='grc' dir='ltr'><strong><em>ΒΗ</em></strong></span> <span class='ocrx_word' id='word_1_234' title='bbox 389 3127 412 3182; x_wconf 77' lang='lat' dir='ltr'><strong><em>S</em></strong></span> <span class='ocrx_word' id='word_1_235' title='bbox 425 3129 430 3198; x_wconf 90' lang='grc' dir='ltr'>Ι</span> <span class='ocrx_word' id='word_1_236' title='bbox 445 3124 638 3198; x_wconf 85' lang='grc' dir='ltr'><strong><em>προαγόμενος</em></strong></span> <span class='ocrx_word' id='word_1_237' title='bbox 650 3126 686 3194; x_wconf 82' lang='lat' dir='ltr'><strong><em>A,</em></strong></span> <span class='ocrx_word' id='word_1_238' title='bbox 705 3121 916 3195; x_wconf 84' lang='grc' dir='ltr'><strong><em>προσαγόμενον</em></strong></span> <span class='ocrx_word' id='word_1_239' title='bbox 930 3124 1003 3192; x_wconf 89' lang='grc' dir='ltr'><strong><em>ΒΗ,</em></strong></span> <span class='ocrx_word' id='word_1_240' title='bbox 1021 3141 1110 3191; x_wconf 85' lang='grc' dir='ltr'><strong><em>προα-</em></strong></span> 
     </span>
     <span class='ocr_line' id='line_1_30' title="bbox 92 3193 1112 3270; baseline -0.004 -18"><span class='ocrx_word' id='word_1_241' title='bbox 92 3195 254 3268; x_wconf 72' lang='grc' dir='ltr'><strong><em>γόμενονδ</em></strong></span> <span class='ocrx_word' id='word_1_242' title='bbox 342 3195 533 3270; x_wconf 85' lang='grc' dir='ltr'><strong><em>3βασιλείαν]</em></strong></span> <span class='ocrx_word' id='word_1_243' title='bbox 557 3194 721 3266; x_wconf 88' lang='grc' dir='ltr'><strong><em>μαρτυρίαν.</em></strong></span> <span class='ocrx_word' id='word_1_244' title='bbox 751 3199 802 3250; x_wconf 77' lang='lat' dir='ltr'>cet.</span> <span class='ocrx_word' id='word_1_245' title='bbox 823 3195 880 3250; x_wconf 75' lang='lat' dir='ltr'><strong><em>des,</em></strong></span> <span class='ocrx_word' id='word_1_246' title='bbox 900 3195 931 3248; x_wconf 91' lang='lat' dir='ltr'><strong>X</strong></span> <span class='ocrx_word' id='word_1_247' title='bbox 958 3195 962 3264; x_wconf 99' lang='grc' dir='ltr'>Ι</span> <span class='ocrx_word' id='word_1_248' title='bbox 992 3193 1112 3256; x_wconf 86' lang='grc' dir='ltr'><strong><em>δοαύτας</em></strong></span> 
     </span>
     <span class='ocr_line' id='line_1_31' title="bbox 93 3263 1116 3340; baseline -0.009 -14"><span class='ocrx_word' id='word_1_249' title='bbox 93 3270 123 3338; x_wconf 77' lang='lat' dir='ltr'><strong><em>S,</em></strong></span> <span class='ocrx_word' id='word_1_250' title='bbox 143 3269 219 3338; x_wconf 88' lang='lat' dir='ltr'>quod</span> <span class='ocrx_word' id='word_1_251' title='bbox 233 3268 340 3324; x_wconf 81' lang='lat' dir='ltr'>correxi</span> <span class='ocrx_word' id='word_1_252' title='bbox 413 3275 444 3323; x_wconf 93' lang='lat'><strong><em>11</em></strong></span> <span class='ocrx_word' id='word_1_253' title='bbox 466 3267 509 3323; x_wconf 81' lang='grc' dir='ltr'><strong><em>ότι</em></strong></span> <span class='ocrx_word' id='word_1_254' title='bbox 526 3268 679 3340; x_wconf 84' lang='grc' dir='ltr'><strong><em>αύγουστος</em></strong></span> <span class='ocrx_word' id='word_1_255' title='bbox 692 3300 726 3308; x_wconf 96' lang='grc'><strong>-</strong></span> <span class='ocrx_word' id='word_1_256' title='bbox 740 3286 767 3337; x_wconf 90' lang='lat' dir='ltr'><strong><em>p.</em></strong></span> <span class='ocrx_word' id='word_1_257' title='bbox 784 3271 868 3334; x_wconf 79' lang='lat'>152‚7</span> <span class='ocrx_word' id='word_1_258' title='bbox 889 3263 1069 3335; x_wconf 80' lang='grc' dir='ltr'><strong><em>διαλέγεσθαι</em></strong></span> <span class='ocrx_word' id='word_1_259' title='bbox 1086 3265 1116 3317; x_wconf 90' lang='lat' dir='ltr'><em>Y</em></span> 
     </span>
     <span class='ocr_line' id='line_1_32' title="bbox 94 3335 1111 3411; baseline -0.005 -17"><span class='ocrx_word' id='word_1_260' title='bbox 94 3343 208 3410; x_wconf 75' lang='lat' dir='ltr'>praeter</span> <span class='ocrx_word' id='word_1_261' title='bbox 221 3341 251 3394; x_wconf 91' lang='lat' dir='ltr'><em>D</em></span> <span class='ocrx_word' id='word_1_262' title='bbox 323 3345 357 3394; x_wconf 80' lang='lat'><strong><em>15</em></strong></span> <span class='ocrx_word' id='word_1_263' title='bbox 377 3338 419 3395; x_wconf 80' lang='grc' dir='ltr'><strong><em>ὅτι</em></strong></span> <span class='ocrx_word' id='word_1_264' title='bbox 434 3340 449 3395; x_wconf 90' lang='grc' dir='ltr'>ὁ</span> <span class='ocrx_word' id='word_1_265' title='bbox 464 3340 616 3411; x_wconf 83' lang='grc' dir='ltr'><strong><em>αύγουστος</em></strong></span> <span class='ocrx_word' id='word_1_266' title='bbox 630 3339 781 3409; x_wconf 77' lang='grc' dir='ltr'><strong><em>ἐρωτηθεὶς</em></strong></span> <span class='ocrx_word' id='word_1_267' title='bbox 793 3335 871 3405; x_wconf 79' lang='grc' dir='ltr'><strong><em>παρὰ</em></strong></span> <span class='ocrx_word' id='word_1_268' title='bbox 885 3344 935 3390; x_wconf 85' lang='grc' dir='ltr'><strong><em>τοῦ</em></strong></span> <span class='ocrx_word' id='word_1_269' title='bbox 950 3369 983 3376; x_wconf 99' lang='grc'>-</span> <span class='ocrx_word' id='word_1_270' title='bbox 999 3342 1033 3389; x_wconf 83' lang='grc'><strong><em>20</em></strong></span> <span class='ocrx_word' id='word_1_271' title='bbox 1052 3335 1111 3390; x_wconf 82' lang='grc' dir='ltr'><strong><em>ἐπι-</em></strong></span> 
     </span>
     <span class='ocr_line' id='line_1_33' title="bbox 95 3406 1113 3482; baseline -0.005 -17"><span class='ocrx_word' id='word_1_272' title='bbox 95 3420 191 3467; x_wconf 84' lang='grc' dir='ltr'><strong><em>πεσεῖν</em></strong></span> <span class='ocrx_word' id='word_1_273' title='bbox 209 3411 232 3466; x_wconf 80' lang='lat' dir='ltr'><em>S</em></span> <span class='ocrx_word' id='word_1_274' title='bbox 302 3418 334 3466; x_wconf 79' lang='grc'><strong><em>17</em></strong></span> <span class='ocrx_word' id='word_1_275' title='bbox 353 3411 488 3482; x_wconf 87' lang='grc' dir='ltr'><strong><em>τυγχάνοι</em></strong></span> <span class='ocrx_word' id='word_1_276' title='bbox 507 3412 552 3482; x_wconf 93' lang='grc' dir='ltr'><strong><em>ΥΙ</em></strong></span> <span class='ocrx_word' id='word_1_277' title='bbox 572 3411 650 3480; x_wconf 82' lang='grc' dir='ltr'><strong><em>παρὰ</em></strong></span> <span class='ocrx_word' id='word_1_278' title='bbox 669 3419 719 3464; x_wconf 85' lang='grc' dir='ltr'><strong><em>σοῦ</em></strong></span> <span class='ocrx_word' id='word_1_279' title='bbox 738 3408 816 3464; x_wconf 85' lang='lat' dir='ltr'><strong>omis.</strong></span> <span class='ocrx_word' id='word_1_280' title='bbox 836 3408 865 3460; x_wconf 88' lang='lat' dir='ltr'><em>Y</em></span> <span class='ocrx_word' id='word_1_281' title='bbox 884 3408 889 3478; x_wconf 95' lang='grc' dir='ltr'>Ι</span> <span class='ocrx_word' id='word_1_282' title='bbox 911 3409 1029 3478; x_wconf 78' lang='grc' dir='ltr'><strong><em>γραφεὶς</em></strong></span> <span class='ocrx_word' id='word_1_283' title='bbox 1047 3406 1113 3470; x_wconf 87' lang='grc' dir='ltr'><strong><em>αίας</em></strong></span> 
     </span>
    </p>
   </div>
   <div class='ocr_carea' id='block_1_3' title="bbox 95 3477 1112 3625">
    <p class='ocr_par' dir='ltr' id='par_1_3' title="bbox 95 3477 1112 3625">
     <span class='ocr_line' id='line_1_34' title="bbox 95 3477 1112 3552; baseline -0.003 -16"><span class='ocrx_word' id='word_1_284' title='bbox 95 3480 178 3552; x_wconf 85' lang='grc' dir='ltr'><strong><em>λόγος</em></strong></span> <span class='ocrx_word' id='word_1_285' title='bbox 196 3482 218 3537; x_wconf 78' lang='lat' dir='ltr'><strong><em>S</em></strong></span> <span class='ocrx_word' id='word_1_286' title='bbox 275 3488 309 3537; x_wconf 86' lang='grc'><strong><em>18</em></strong></span> <span class='ocrx_word' id='word_1_287' title='bbox 328 3482 394 3545; x_wconf 86' lang='grc' dir='ltr'><strong><em>αίας</em></strong></span> <span class='ocrx_word' id='word_1_288' title='bbox 407 3483 494 3538; x_wconf 75' lang='grc' dir='ltr'><strong><em>αὐτὸν</em></strong></span> <span class='ocrx_word' id='word_1_289' title='bbox 508 3480 622 3544; x_wconf 85' lang='grc' dir='ltr'><strong><em>ἀστείως</em></strong></span> <span class='ocrx_word' id='word_1_290' title='bbox 641 3483 686 3552; x_wconf 92' lang='grc' dir='ltr'><strong><em>ΥΙ</em></strong></span> <span class='ocrx_word' id='word_1_291' title='bbox 703 3477 914 3548; x_wconf 76' lang='grc' dir='ltr'><strong><em>ἀποκρίνασθαι</em></strong></span> <span class='ocrx_word' id='word_1_292' title='bbox 933 3479 962 3531; x_wconf 87' lang='lat' dir='ltr'><em>Y</em></span> <span class='ocrx_word' id='word_1_293' title='bbox 1021 3483 1054 3532; x_wconf 84' lang='grc'><strong><em>19</em></strong></span> <span class='ocrx_word' id='word_1_294' title='bbox 1074 3478 1112 3533; x_wconf 85' lang='grc' dir='ltr'><strong><em>εί-</em></strong></span> 
     </span>
     <span class='ocr_line' id='line_1_35' title="bbox 97 3547 955 3625; baseline -0.005 -16"><span class='ocrx_word' id='word_1_295' title='bbox 97 3555 158 3609; x_wconf 85' lang='grc' dir='ltr'><strong><em>πὼν</em></strong></span> <span class='ocrx_word' id='word_1_296' title='bbox 177 3549 288 3623; x_wconf 82' lang='grc' dir='ltr'><strong><em>σπόγγοι</em></strong></span> <span class='ocrx_word' id='word_1_297' title='bbox 306 3553 347 3625; x_wconf 73' lang='grc' dir='ltr'><strong><em>δἸ</em></strong></span> <span class='ocrx_word' id='word_1_298' title='bbox 364 3554 450 3609; x_wconf 76' lang='grc' dir='ltr'><strong><em>αὑτοῦ</em></strong></span> <span class='ocrx_word' id='word_1_299' title='bbox 473 3554 507 3624; x_wconf 84' lang='grc' dir='ltr'><strong><em>Υ,</em></strong></span> <span class='ocrx_word' id='word_1_300' title='bbox 527 3552 627 3608; x_wconf 77' lang='grc' dir='ltr'><strong><em>ἑαυτοῦ</em></strong></span> <span class='ocrx_word' id='word_1_301' title='bbox 646 3552 669 3608; x_wconf 77' lang='lat' dir='ltr'><em>S</em></span> <span class='ocrx_word' id='word_1_302' title='bbox 739 3557 772 3606; x_wconf 72' lang='grc' dir='ltr'><strong><em>λλ</em></strong></span> <span class='ocrx_word' id='word_1_303' title='bbox 792 3547 911 3620; x_wconf 86' lang='grc' dir='ltr'><strong><em>δημοσία</em></strong></span> <span class='ocrx_word' id='word_1_304' title='bbox 932 3550 955 3605; x_wconf 84' lang='lat'><em>0</em></span> 
     </span>
    </p>
   </div>
   <div class='ocr_carea' id='block_1_4' title="bbox 0 0 1289 3988">
    <p class='ocr_par' dir='ltr' id='par_1_4' title="bbox 0 0 1289 3988">
     <span class='ocr_line' id='line_1_36' title="bbox 0 0 1289 3988; baseline 0 0"><span class='ocrx_word' id='word_1_305' title='bbox 0 0 1289 3988; x_wconf 95' lang='lat' dir='ltr'><strong><em> </em></strong></span> 
     </span>
    </p>
   </div>
  </div>
 </body>
</html>
