2524 3984
391 967 535 1040 LIBER
562 967 750 1042 PRIMUS.

34 1132 69 1184 Rr
77 1133 114 1199 1‚1
138 1125 163 1188 1.
188 1124 315 1212 Ὀρθῶς
342 1127 407 1212 άρα
431 1127 463 1192 οἱ
490 1127 531 1190 τὰ
553 1127 681 1210 μυθικὰ
704 1125 998 1212 <συγγράύαντες>
1020 1127 1080 1192 τὸν
1093 1139 1119 1192 Χ

78 1233 200 1317 Κρόνον
221 1235 300 1310 τοὺς
324 1229 444 1298 ἑαυτοῦ
467 1233 589 1309 παῖδας
611 1231 816 1316 ἀφανίζοντα
838 1243 1005 1317 ποιοῦσιν,
1030 1235 1079 1298 αῖ-

78 1342 250 1424 νιττόμενοι
274 1341 384 1423 δήπου
406 1341 466 1404 τὸν
488 1341 613 1426 χρόνον
635 1339 760 1425 πατέρα
782 1363 818 1404 τε
840 1341 907 1425 ἅμα
929 1338 984 1405 καὶ
1008 1342 1079 1406 ὄλε-

77 1451 155 1530 θρον
175 1458 242 1512 τῶν
263 1445 319 1511 ὑπ’
343 1445 448 1511 αὐτοῦ
476 1443 655 1530 φυομένων
678 1449 842 1528 γίνεσθαι.
888 1447 1078 1530 ῒφάρυγος.

57 1566 68 1612 1
134 1553 161 1617 2.
192 1555 366 1639 Θρίαμβον
398 1552 570 1637 ὠνόμαζον
603 1553 635 1616 οἱ
667 1552 842 1617 Διονύσου
873 1554 1079 1638 θεράποντες
1106 1579 1118 1615 ο

75 1659 127 1741 τὴν
146 1661 279 1746 πομπὴν
301 1659 365 1725 άπὸ
388 1671 456 1724 τῶν
475 1659 617 1745 θύρσων
638 1657 694 1724 καὶ
717 1670 784 1724 τῶν
808 1660 947 1744 ἰάμβων,
971 1657 1077 1724 οἱονεὶ

156 1778 221 1832 τῶν
244 1767 460 1852 σκωμμάτων,
484 1763 605 1831 ὡσανεὶ
628 1768 855 1852 θυρσίαμβον·
882 1765 903 1848 ἣ
927 1764 991 1831 άπὸ
1015 1773 1077 1831 τοῦ

75 1876 192 1957 θροεῖν,
214 1874 297 1938 κατά
322 1873 552 1958 Πλούταρχον.

54 1992 66 2039 3
131 1981 157 2044 3.
189 1981 232 2045 Ol
261 1981 373 2044 Λυδοί
398 1996 502 2064 φασιν
532 1978 677 2065 ἐφεῦρον
706 1979 767 2042 τὸν
795 1973 904 2044 οἶνον·
932 1975 988 2042 καὶ
1017 1978 1078 2043 οὐκ

75 2079 158 2150 οἶνον
179 2089 296 2171 μόνον,
320 2083 481 2152 ἀλλὰκαὶ
504 2086 541 2150 τὸ
566 2093 668 2168 συκῆς
691 2087 808 2168 φυτόν.
1093 2111 1120 2149 10

54 2206 68 2252 4
131 2193 159 2257 4.
179 2192 251 2258 Ὅτι
281 2203 429 2278 μούστον
456 2193 516 2258 τὸν
545 2187 642 2257 οἶνον
675 2193 708 2257 οἱ
734 2191 886 2277 Ῥωμαῖοι
915 2194 1067 2274 ἔγνωσαν
1081 2204 1131 2260 XS

75 2305 177 2365 καλεῖν
204 2297 327 2366 ὡσανεὶ
354 2299 492 2384 μύστην.
543 2299 593 2364 ὅτι
623 2301 808 2384 μυστήριον
834 2310 960 2385 πρῶτοι
988 2303 1079 2385 Σαρ·

75 2405 174 2472 διανοὶ
196 2409 482 2494 προσηγόρευσαν.

55 2525 67 2572 ῖ
131 2512 159 2576 5.
189 2516 338 2597 Σαβῖνος
361 2511 397 2577 ἐκ
419 2522 477 2596 τῆς
499 2509 575 2598 περὶ
599 2513 658 2576 τὸν
677 2506 773 2578 οἶνον
791 2516 953 2598 γεωργίας
972 2526 1118 2599 φερω-Χ

75 2618 175 2702 νύμως
197 2620 394 2704 ὠνομάσθη·
422 2620 459 2683 τὸ
487 2621 552 2704 γάρ
577 2621 725 2702 Σαβῖνος
749 2619 854 2701 ὄνομα
877 2617 1001 2704 σκορέα
1023 2617 1078 2684 καὶ
1094 2645 1118 2686 15

76 2727 232 2810 φυτευτὴν
255 2706 353 2792 οάνου
376 2727 595 2810 διασημαίνει.

56 2845 68 2892 6
132 2835 161 2898 6.
191 2836 370 2898 Μεσσακία
392 2831 417 2915 η
437 2834 624 2915 Καλαβρία,
648 2829 712 2895 άκὸ
737 2831 932 2896 Μεσσάκου.

57 2951 68 2999 ῖ
134 2940 160 3003 7.
192 2942 385 3004 Λουκανίαν
416 2938 478 3022 τὴν
510 2938 777 3022 άλσωύεστάτην·
810 2938 847 3002 τὸ
880 2939 944 3024 γάρ
977 2938 1079 3012 άλσος

136 3115 159 3151 v.
179 3091 249 3151 801.
269 3095 343 3150 Plut.
362 3096 449 3148 Marc.
469 3099 511 3148 22.

136 3258 160 3294 v.
176 3247 190 3293 1
209 3238 245 3293 τὰ
264 3238 343 3294 omia.
358 3239 386 3292 A
415 3240 419 3307 Ι
449 3237 476 3292 οἱ
494 3238 612 3306 μυθικοὶ
631 3236 683 3291 sch
706 3235 733 3289 οἱ
756 3234 790 3288 τά
809 3235 918 3304 μυθικὰ
936 3235 1078 3308 (συγγρά-

76 3309 302 3383 ψαντες>Ηαοίυο
346 3311 441 3380 4τῶν]
450 3309 500 3364 τὸν
510 3309 538 3362 Β
554 3310 558 3379 1
574 3305 725 3376 ηφάρυγος
739 3307 804 3361 add.
815 3307 842 3360 A
889 3304 1078 3376 ὅένύμιζονΒ

78 3380 204 3436 Ηαωωο
229 3384 364 3450 quattuor
385 3379 547 3434 litterarum
573 3381 638 3448 post
661 3377 749 3433 οἱονεὶ
766 3378 794 3431 Α
881 3384 912 3431 11
934 3375 977 3432 ὅτι
990 3409 1025 3418 -
1045 3383 1077 3431 12

78 3452 170 3523 μύστην
188 3454 220 3520 83
244 3461 364 3522 μούστον
386 3451 436 3506 τὸν
454 3447 535 3507 οἶνον
553 3449 580 3504 οἱ
604 3446 721 3518 βωμαῖοι
746 3448 877 3520 ἔγνωσαν.
916 3446 958 3503 ὅτι
977 3448 1078 3518 μυστή-

78 3541 130 3588 ριον
148 3557 181 3564 -
199 3521 441 3594 προσηγόρευσαν,
467 3522 569 3578 ὡσανεὶ
597 3521 702 3592 μύστην
728 3521 760 3575 Χ
853 3525 886 3574 18
912 3520 1078 3591 άῖσωδεστα,

78 3609 136 3648 corr.
154 3593 254 3665 τάτην
272 3597 300 3649 Α

122 3695 202 3736 Imus
217 3694 413 3736 ud.Wu0nnoh.
903 3686 917 3732 1
