2524 3984
160 181 225 236 XVI
565 179 771 235 PRAEFATIO

163 349 261 410 autin
279 349 377 425 ipsum
395 348 553 409 verborum
572 350 742 408 contextum
760 348 921 424 reciperem
940 344 981 425 (p.
998 350 1049 423 64,
1061 350 1088 408 6.
1105 351 1179 424 129,

164 440 214 498 16.
231 440 304 512 163,
313 435 345 516 3)
363 441 415 496 aut
429 437 461 495 in
475 440 653 514 apparatum
669 437 792 496 editioni
807 437 1001 498 subornatum
1013 438 1179 516 relegerem

162 523 203 605 (p.
225 529 359 602 107,st
386 529 458 601 116,
470 529 520 587 20.
546 522 694 603 120,14)‚
718 528 772 584 aut
795 527 935 602 denique,
963 526 1015 585 ubi
1038 527 1179 587 editionis

164 620 193 676 et
217 616 325 675 codicis
348 616 477 674 Parisini
501 633 659 674 consensus
678 615 844 674 levissimus
863 618 982 674 tantum
1001 618 1086 690 esset,
1108 617 1180 674 huie

161 705 358 782 praefationis
388 706 452 765 loco
483 723 677 778 reservarem,
711 705 782 778 quia
810 704 941 764 breviter
970 723 1020 764 eos
1051 724 1179 764 comme·

160 813 291 854 morasse
316 793 389 852 satis
411 793 552 851 haberem
575 785 617 872 (p.
643 794 755 867 114,6.
781 796 854 868 150,
864 790 906 871 4).

228 882 332 958 Neque
361 901 432 941 vero
461 882 699 958 disquisitionem
727 882 762 939 de
791 881 890 942 codice
912 883 940 940 R
961 881 1179 940 instituendam

162 972 201 1031 ud
226 971 316 1030 finem
342 971 546 1047 perduximus,
572 971 663 1029 immo
692 970 829 1045 quintum
856 971 932 1030 illud
964 974 1059 1029 restat
1086 975 1179 1046 caput

161 1053 204 1143 (p.
230 1061 281 1134 38,
293 1061 433 1134 22-47,
444 1052 500 1140 33)
520 1059 642 1134 eiusque
661 1059 844 1136 paragraphi
862 1059 968 1136 quibus
991 1059 1177 1120 inscribitur:

163 1153 179 1208 1
205 1146 272 1228 περὶ
294 1148 497 1228 βρονμοιλίων,
524 1151 542 1206 2
566 1145 632 1227 περὶ
655 1145 803 1226 βισέξτον,
832 1149 850 1207 3
874 1147 941 1229 περὶ
962 1145 1101 1228 γενέσεως
1125 1147 1177 1208 ἀν-

163 1238 301 1318 θρώπου,
324 1240 345 1295 4
368 1235 434 1315 περὶ
457 1235 618 1314 ποσότητος
639 1245 698 1295 τῶν
720 1234 910 1314 τικτομένων,
936 1239 954 1296 5
978 1235 1044 1317 περὶ
1060 1233 1177 1318 Ἴστρον

160 1335 212 1388 τοῦ
235 1335 384 1404 ποταμοῦ,
409 1330 427 1386 6
451 1324 518 1406 περὶ
540 1323 699 1405 πιπέρεως,
728 1328 746 1384 7
770 1323 837 1405 περὶ
859 1321 945 1403 ἡλίου
967 1324 1017 1385 act
1040 1325 1177 1404 σελήνης,

162 1418 181 1475 8
205 1413 271 1495 περὶ
298 1423 439 1493 σεισμῶν,
474 1419 491 1476 9
516 1412 582 1494 περὶ
605 1421 755 1490 στηπτῶν,
790 1413 831 1474 11)
854 1412 920 1493 περὶ
946 1413 1107 1492 πορόεντος
1128 1437 1176 1474 κε-

160 1512 282 1585 ραυνοῦ.
337 1523 463 1579 quarum
498 1503 754 1580 paragraphomm
791 1506 928 1565 octavam
964 1507 994 1562 et
1030 1500 1177 1562 decimam

161 1594 265 1654 statim
291 1594 400 1651 referre
428 1611 584 1668 possumus
612 1591 650 1649 ad
672 1592 829 1650 Laurentii
857 1592 966 1651 librum
990 1593 1025 1650 de
1046 1593 1174 1652 ostentis

161 1679 210 1760 (cf.
234 1681 453 1740 Wachsmuthii
477 1681 637 1740 editionem
660 1681 786 1739 alteram
807 1701 836 1756 p.
859 1681 949 1754 XLII,
972 1700 1035 1757 cap.
1056 1683 1105 1740 53.
1131 1682 1173 1740 54

161 1775 192 1830 et
217 1773 268 1830 44.
293 1766 363 1847 45);
396 1771 468 1847 quin
497 1770 588 1828 etiam
614 1788 693 1830 nona
722 1789 840 1846 quoque
868 1771 1074 1847 paragraphus
1102 1789 1176 1846 quo-

160 1861 242 1920 niam
266 1860 304 1918 ad
326 1858 449 1918 verbum
471 1858 533 1917 fere
559 1859 707 1918 consentit
734 1877 800 1917 cum
827 1878 861 1918 eo
884 1859 1067 1936 fragmento,
1094 1859 1176 1934 quod

159 1950 192 2007 in
220 1948 371 2025 prioribus
404 1947 582 2007 editionibus
613 1948 683 2006 libri
714 1944 781 2026 περ1
812 1955 915 2024 μηνῶν
946 1947 992 2006 bis
1023 1947 1176 2023 imprime·

160 2038 252 2096 batur
273 2037 393 2111 111,52
419 2041 449 2096 et
471 2037 524 2110 lV,
540 2039 580 2096 96
607 2029 683 2118 (qua
706 2035 742 2094 de
764 2055 795 2094 re
826 2035 886 2094 dixi
915 2036 986 2111 Byz.
1018 2036 1114 2094 Ztsch.
1137 2037 1177 2111 V,

160 2147 189 2202 p.
214 2118 294 2208 412)
314 2126 416 2186 ecdem
438 2125 581 2201 pertinet3
606 2126 657 2184 sed
680 2144 728 2198 eo,
753 2124 832 2199 quod
854 2126 930 2183 hanc
952 2125 1177 2202 paragraphum

160 2216 239 2274 inter
261 2215 428 2291 fragmenta
452 2214 602 2290 quondam
622 2214 700 2273 libro
719 2214 755 2272 de
773 2213 922 2272 mensibus
940 2213 1054 2272 tributa
1066 2213 1177 2290 recepi,

160 2304 274 2363 factum
301 2306 359 2379 est,
390 2305 426 2361 ut
452 2303 480 2360 R
507 2302 615 2362 codicis
642 2305 715 2361 nota
743 2307 888 2378 appareat
919 2303 1010 2362 etiam
1036 2303 1068 2360 iu
1095 2322 1174 2361 mar-

160 2393 228 2471 gine
251 2413 279 2468 p.
301 2393 374 2466 181,
394 2396 421 2451 6.

226 2481 423 2556 Reliquorum
457 2500 526 2540 vero
564 2483 768 2555 excerptorum
803 2481 865 2538 fere
902 2479 1034 2538 omnium
1069 2482 1177 2540 tenore

161 2571 263 2630 statim
286 2570 519 2643 demonstratur,
541 2569 698 2628 librarium
721 2587 756 2626 ea
777 2571 948 2627 mutuatum
971 2587 1033 2627 csse
1057 2588 1073 2626 e
1095 2569 1176 2630 libro

161 2661 197 2718 de
226 2659 384 2718 mensibus.
438 2658 584 2734 exscripta
614 2658 692 2716 enim
723 2660 768 2716 est
798 2655 817 2732 ξ
841 2661 860 2716 2
884 2655 950 2737 περὶ
976 2654 1109 2736 βισέξτον
1137 2678 1177 2720 er

161 2748 299 2808 editionis
322 2747 391 2806 libri
414 2747 460 2805 ΙΠ
484 2745 503 2822 5
529 2749 582 2823 10,
609 2747 653 2805 ita
676 2749 712 2804 ut
734 2746 761 2803 R
784 2747 824 2805 sit
845 2747 925 2805 inter
948 2747 1071 2820 codices,
1098 2767 1175 2822 quos

159 2857 188 2913 p.
214 2839 270 2910 49,
289 2839 329 2895 21
362 2856 430 2913 app.
459 2836 597 2895 indicavi.
649 2833 668 2910 ξ
697 2836 715 2893 3
743 2833 809 2915 περὶ
838 2832 977 2916 γενέσεως
1006 2832 1174 2914 ἀνθρώπου

123 2925 129 2938 ’
159 2928 206 2985 est
227 2925 345 3000 mac:
368 2927 424 2984 hoc
445 2925 510 2984 loco
529 2923 607 3000 Lydi
628 2924 719 2983 verba
741 2943 836 3001 usque
860 2944 894 2984 eo
916 2925 1035 3001 integra
1053 2928 1175 2985 servata

159 3015 233 3073 mibi
256 3013 447 3088 videbantur,
477 3017 511 3072 ut
533 3013 679 3073 nonnulla
708 3031 723 3070 e
747 3013 846 3072 codice
876 3013 903 3070 R
925 3013 1116 3072 transferrem
1140 3013 1175 3072 in

159 3104 321 3163 editionem
343 3095 386 3185 (p.
411 3104 463 3177 85,
478 3099 520 3180 l),
548 3122 615 3162 cum
637 3102 732 3160 altera
756 3121 792 3160 cx
817 3105 902 3177 parte
925 3104 962 3160 ut
988 3101 1174 3176 interpolata

160 3193 329 3253 omitterem
351 3211 400 3266 ea,
426 3210 505 3267 quae
528 3195 599 3251 suut
621 3191 656 3250 de
679 3191 791 3266 plantis
814 3189 1019 3270 ἀρρενογόνοις
1041 3187 1089 3249 nal
1112 3194 1172 3267 θη-

158 3274 322 3362 ι’1νμόνοις.1
367 3278 386 3355 ξ
409 3283 430 3338 4
454 3277 519 3360 περὶ
546 3279 707 3358 ποσότητος
734 3289 792 3340 τῶν
819 3276 996 3358 τικτομένων
1023 3279 1174 3338 consentit

160 3487 243 3612 ,892¹
266 3485 345 3612 ἱάἕηη
366 3485 435 3540 fecit
457 3485 664 3553 Krambacher,
694 3485 759 3540 Sita.
784 3485 845 3540 Ber.
870 3485 919 3538 der
940 3483 1053 3538 Mdnch.
1077 3480 1170 3537 Ahad.

247 3577 275 3627 p.
349 3601 354 3612 .

1258 2313 1260 2360 l

1256 2941 1260 3046 l
