<?xml version="1.0" encoding="UTF-8"?>
<!DOCTYPE html PUBLIC "-//W3C//DTD XHTML 1.0 Transitional//EN"
    "http://www.w3.org/TR/xhtml1/DTD/xhtml1-transitional.dtd">
<html xmlns="http://www.w3.org/1999/xhtml" xml:lang="en" lang="en">
 <head>
  <title>
</title>
<meta http-equiv="Content-Type" content="text/html;charset=utf-8" />
  <meta name='ocr-system' content='tesseract 3.04.00' />
  <meta name='ocr-capabilities' content='ocr_page ocr_carea ocr_par ocr_line ocrx_word'/>
</head>
<body>
  <div class='ocr_page' id='page_1' title='image "./ioannislaurenti01wuengoog_0252.png"; bbox 0 0 2530 3988; ppageno 0'>
   <div class='ocr_carea' id='block_1_1' title="bbox 345 219 1078 286">
    <p class='ocr_par' dir='ltr' id='par_1_1' title="bbox 345 219 1078 286">
     <span class='ocr_line' id='line_1_1' title="bbox 345 219 1078 286; baseline 0.02 -14"><span class='ocrx_word' id='word_1_1' title='bbox 345 219 454 274; x_wconf 83' lang='lat' dir='ltr'>LIBER</span> <span class='ocrx_word' id='word_1_2' title='bbox 473 219 650 285; x_wconf 84' lang='lat' dir='ltr'><strong>QUARTUS.</strong></span> <span class='ocrx_word' id='word_1_3' title='bbox 675 221 795 276; x_wconf 82' lang='lat' dir='ltr'>IULIUS</span> <span class='ocrx_word' id='word_1_4' title='bbox 1016 224 1078 286; x_wconf 81' lang='grc'><strong><em>147</em></strong></span> 
     </span>
    </p>
   </div>
   <div class='ocr_carea' id='block_1_2' title="bbox 10 380 1123 3135">
    <p class='ocr_par' dir='ltr' id='par_1_2' title="bbox 10 380 1121 683">
     <span class='ocr_line' id='line_1_2' title="bbox 72 380 1121 473; baseline 0.006 -27"><span class='ocrx_word' id='word_1_5' title='bbox 72 385 343 469; x_wconf 78' lang='grc' dir='ltr'><strong><em>καταφερόμενον.</em></strong></span> <span class='ocrx_word' id='word_1_6' title='bbox 389 381 473 448; x_wconf 86' lang='grc' dir='ltr'><strong><em>άλλά</em></strong></span> <span class='ocrx_word' id='word_1_7' title='bbox 496 380 551 448; x_wconf 84' lang='grc' dir='ltr'><strong><em>καὶ</em></strong></span> <span class='ocrx_word' id='word_1_8' title='bbox 569 387 773 471; x_wconf 87' lang='grc' dir='ltr'><strong><em>Δικαίαρχος</em></strong></span> <span class='ocrx_word' id='word_1_9' title='bbox 797 383 835 450; x_wconf 80' lang='grc' dir='ltr'><strong><em>ἐν</em></strong></span> <span class='ocrx_word' id='word_1_10' title='bbox 856 388 1000 473; x_wconf 77' lang='grc' dir='ltr'><strong><em>περιόδῳ</em></strong></span> <span class='ocrx_word' id='word_1_11' title='bbox 1021 395 1082 472; x_wconf 79' lang='grc' dir='ltr'><strong><em>γῆς</em></strong></span> <span class='ocrx_word' id='word_1_12' title='bbox 1095 397 1121 451; x_wconf 87' lang='grc' dir='ltr'>Χ</span> 
     </span>
     <span class='ocr_line' id='line_1_3' title="bbox 10 487 1082 576; baseline 0.005 -23"><span class='ocrx_word' id='word_1_13' title='bbox 10 537 12 544; x_wconf 36' lang='lat'>1</span> <span class='ocrx_word' id='word_1_14' title='bbox 73 487 107 553; x_wconf 81' lang='grc' dir='ltr'><strong><em>ἐκ</em></strong></span> <span class='ocrx_word' id='word_1_15' title='bbox 132 498 186 572; x_wconf 74' lang='grc' dir='ltr'><strong><em>τῆς</em></strong></span> <span class='ocrx_word' id='word_1_16' title='bbox 207 488 420 572; x_wconf 81' lang='grc' dir='ltr'><strong><em>Ἀτλαντικῆς</em></strong></span> <span class='ocrx_word' id='word_1_17' title='bbox 449 490 617 574; x_wconf 76' lang='grc' dir='ltr'><strong><em>θαλάττης</em></strong></span> <span class='ocrx_word' id='word_1_18' title='bbox 646 490 706 555; x_wconf 89' lang='grc' dir='ltr'><strong><em>τδν</em></strong></span> <span class='ocrx_word' id='word_1_19' title='bbox 728 494 855 557; x_wconf 80' lang='grc' dir='ltr'><strong><em>Νεῖλον</em></strong></span> <span class='ocrx_word' id='word_1_20' title='bbox 883 491 1082 576; x_wconf 82' lang='grc' dir='ltr'><strong><em>άναχείσθαι</em></strong></span> 
     </span>
     <span class='ocr_line' id='line_1_4' title="bbox 70 589 1080 683; baseline 0.003 -21"><span class='ocrx_word' id='word_1_21' title='bbox 70 597 229 679; x_wconf 89' lang='grc' dir='ltr'><strong><em>βούλεται.</em></strong></span> <span class='ocrx_word' id='word_1_22' title='bbox 274 598 422 660; x_wconf 89' lang='grc' dir='ltr'><strong><em>ποικίλαι</em></strong></span> <span class='ocrx_word' id='word_1_23' title='bbox 446 591 508 679; x_wconf 75' lang='grc' dir='ltr'><strong><em>μὲν</em></strong></span> <span class='ocrx_word' id='word_1_24' title='bbox 530 589 594 661; x_wconf 82' lang='grc' dir='ltr'><strong><em>οὖν</em></strong></span> <span class='ocrx_word' id='word_1_25' title='bbox 621 594 754 683; x_wconf 73' lang='grc' dir='ltr'><strong><em>αἱπερὶ</em></strong></span> <span class='ocrx_word' id='word_1_26' title='bbox 780 596 883 663; x_wconf 87' lang='grc' dir='ltr'><strong><em>αὐτοῦ</em></strong></span> <span class='ocrx_word' id='word_1_27' title='bbox 907 597 1015 683; x_wconf 81' lang='grc' dir='ltr'><strong><em>δόξαι,</em></strong></span> <span class='ocrx_word' id='word_1_28' title='bbox 1043 601 1080 665; x_wconf 90' lang='grc' dir='ltr'><strong><em>τὸ</em></strong></span> 
     </span>
    </p>

    <p class='ocr_par' dir='ltr' id='par_1_3' title="bbox 11 699 1080 790">
     <span class='ocr_line' id='line_1_5' title="bbox 11 699 1080 790; baseline 0.005 -25"><span class='ocrx_word' id='word_1_29' title='bbox 11 725 12 758; x_wconf 73' lang='lat'><em>2</em></span> <span class='ocrx_word' id='word_1_30' title='bbox 71 700 97 765; x_wconf 82' lang='grc' dir='ltr'><strong><em>δ’</em></strong></span> <span class='ocrx_word' id='word_1_31' title='bbox 120 699 242 787; x_wconf 72' lang='grc' dir='ltr'><strong><em>ἀληθὲς</em></strong></span> <span class='ocrx_word' id='word_1_32' title='bbox 264 703 346 767; x_wconf 84' lang='grc' dir='ltr'><strong><em>κατά</em></strong></span> <span class='ocrx_word' id='word_1_33' title='bbox 369 704 448 779; x_wconf 88' lang='grc' dir='ltr'><strong><em>τοὺς</em></strong></span> <span class='ocrx_word' id='word_1_34' title='bbox 471 701 673 789; x_wconf 79' lang='grc' dir='ltr'><strong><em>ἀνθρώπους</em></strong></span> <span class='ocrx_word' id='word_1_35' title='bbox 700 701 781 781; x_wconf 81' lang='grc' dir='ltr'><strong><em>τέως</em></strong></span> <span class='ocrx_word' id='word_1_36' title='bbox 809 705 971 790; x_wconf 83' lang='grc' dir='ltr'><strong><em>οὐδαμοῦ·</em></strong></span> <span class='ocrx_word' id='word_1_37' title='bbox 998 708 1080 770; x_wconf 83' lang='grc' dir='ltr'><strong><em>κατὰ</em></strong></span> 
     </span>
    </p>

    <p class='ocr_par' dir='ltr' id='par_1_4' title="bbox 10 811 1120 1003">
     <span class='ocr_line' id='line_1_6' title="bbox 10 811 1120 896; baseline 0.004 -22"><span class='ocrx_word' id='word_1_38' title='bbox 10 843 12 866; x_wconf 73' lang='grc' dir='ltr'><strong><em>ι</em></strong></span> <span class='ocrx_word' id='word_1_39' title='bbox 69 811 129 896; x_wconf 79' lang='grc' dir='ltr'><strong><em>γάρ</em></strong></span> <span class='ocrx_word' id='word_1_40' title='bbox 151 811 188 875; x_wconf 89' lang='grc' dir='ltr'><strong><em>τδ</em></strong></span> <span class='ocrx_word' id='word_1_41' title='bbox 212 812 329 893; x_wconf 77' lang='grc' dir='ltr'><strong><em>λόγιον</em></strong></span> <span class='ocrx_word' id='word_1_42' title='bbox 1107 838 1120 878; x_wconf 81' lang='grc' dir='ltr'><strong><em>ε</em></strong></span> 
     </span>
     <span class='ocr_line' id='line_1_7' title="bbox 10 912 837 1003; baseline 0.001 -23"><span class='ocrx_word' id='word_1_43' title='bbox 10 937 12 998; x_wconf 61' lang='grc' dir='ltr'><strong><em>ι</em></strong></span> <span class='ocrx_word' id='word_1_44' title='bbox 306 917 343 981; x_wconf 88' lang='grc' dir='ltr'><strong><em>τὸ</em></strong></span> <span class='ocrx_word' id='word_1_45' title='bbox 368 912 553 1003; x_wconf 65' lang='grc' dir='ltr'><strong><em>δ”άτρεκὲς</em></strong></span> <span class='ocrx_word' id='word_1_46' title='bbox 577 916 614 981; x_wconf 78' lang='grc' dir='ltr'><strong><em>ἐν</em></strong></span> <span class='ocrx_word' id='word_1_47' title='bbox 629 921 737 1001; x_wconf 77' lang='grc' dir='ltr'><strong><em>,βαθεῖ</em></strong></span> <span class='ocrx_word' id='word_1_48' title='bbox 760 916 837 982; x_wconf 80' lang='grc' dir='ltr'><strong><em>ἐστι.</em></strong></span> 
     </span>
    </p>

    <p class='ocr_par' dir='ltr' id='par_1_5' title="bbox 10 1013 1081 1112">
     <span class='ocr_line' id='line_1_8' title="bbox 10 1013 1081 1112; baseline 0.001 -22"><span class='ocrx_word' id='word_1_49' title='bbox 10 1013 11 1090; x_wconf 74' lang='lat'>}</span> <span class='ocrx_word' id='word_1_50' title='bbox 69 1027 214 1109; x_wconf 75' lang='grc' dir='ltr'><strong><em>Χρηστος</em></strong></span> <span class='ocrx_word' id='word_1_51' title='bbox 243 1021 280 1089; x_wconf 73' lang='grc' dir='ltr'><strong><em>δὲ</em></strong></span> <span class='ocrx_word' id='word_1_52' title='bbox 308 1024 326 1090; x_wconf 85' lang='grc' dir='ltr'>ὁ</span> <span class='ocrx_word' id='word_1_53' title='bbox 350 1023 506 1108; x_wconf 75' lang='grc' dir='ltr'><strong><em>Ῥωμαῖός</em></strong></span> <span class='ocrx_word' id='word_1_54' title='bbox 534 1042 650 1109; x_wconf 89' lang='grc' dir='ltr'><strong><em>φησιν·</em></strong></span> <span class='ocrx_word' id='word_1_55' title='bbox 684 1021 754 1089; x_wconf 56' lang='lat' dir='ltr'><strong><em>‘gul</em></strong></span> <span class='ocrx_word' id='word_1_56' title='bbox 782 1034 839 1108; x_wconf 74' lang='grc' dir='ltr'><strong><em>τῆς</em></strong></span> <span class='ocrx_word' id='word_1_57' title='bbox 867 1025 992 1102; x_wconf 87' lang='grc' dir='ltr'><strong><em>δύσεως</em></strong></span> <span class='ocrx_word' id='word_1_58' title='bbox 1019 1028 1081 1112; x_wconf 78' lang='grc' dir='ltr'><strong><em>’όρη</em></strong></span> 
     </span>
    </p>

    <p class='ocr_par' dir='ltr' id='par_1_6' title="bbox 10 1127 1082 1217">
     <span class='ocr_line' id='line_1_9' title="bbox 10 1127 1082 1217; baseline 0.003 -23"><span class='ocrx_word' id='word_1_59' title='bbox 10 1127 11 1130; x_wconf 47' lang='lat'>&#39;</span> <span class='ocrx_word' id='word_1_60' title='bbox 67 1127 202 1214; x_wconf 79' lang='grc' dir='ltr'><strong><em>μέγιστα</em></strong></span> <span class='ocrx_word' id='word_1_61' title='bbox 226 1129 281 1194; x_wconf 84' lang='grc' dir='ltr'><strong><em>καὶ</em></strong></span> <span class='ocrx_word' id='word_1_62' title='bbox 304 1131 496 1214; x_wconf 76' lang='grc' dir='ltr'><strong><em>ὑψηλότατα</em></strong></span> <span class='ocrx_word' id='word_1_63' title='bbox 519 1131 619 1214; x_wconf 83' lang='grc' dir='ltr'><strong><em>εἰσιν,</em></strong></span> <span class='ocrx_word' id='word_1_64' title='bbox 648 1130 668 1196; x_wconf 82' lang='grc' dir='ltr'><strong><em>δ</em></strong></span> <span class='ocrx_word' id='word_1_65' title='bbox 695 1131 757 1213; x_wconf 80' lang='grc' dir='ltr'><strong><em>τὴν</em></strong></span> <span class='ocrx_word' id='word_1_66' title='bbox 781 1131 913 1214; x_wconf 93' lang='grc' dir='ltr'><strong><em>Λιβύην</em></strong></span> <span class='ocrx_word' id='word_1_67' title='bbox 936 1130 1000 1197; x_wconf 85' lang='grc' dir='ltr'><strong><em>άπὸ</em></strong></span> <span class='ocrx_word' id='word_1_68' title='bbox 1024 1141 1082 1217; x_wconf 80' lang='grc' dir='ltr'><strong><em>τῆς</em></strong></span> 
     </span>
    </p>

    <p class='ocr_par' dir='ltr' id='par_1_7' title="bbox 10 1236 1123 3135">
     <span class='ocr_line' id='line_1_10' title="bbox 10 1236 1080 1323; baseline -0.002 -17"><span class='ocrx_word' id='word_1_69' title='bbox 10 1269 11 1306; x_wconf 80' lang='lat'><em>3</em></span> <span class='ocrx_word' id='word_1_70' title='bbox 66 1238 248 1314; x_wconf 89' lang='grc' dir='ltr'><strong><em>Αἰθιοπίας</em></strong></span> <span class='ocrx_word' id='word_1_71' title='bbox 275 1240 466 1323; x_wconf 75' lang='grc' dir='ltr'><strong><em>χωρίζουσι,</em></strong></span> <span class='ocrx_word' id='word_1_72' title='bbox 494 1237 623 1302; x_wconf 90' lang='grc' dir='ltr'><strong><em>τούτων</em></strong></span> <span class='ocrx_word' id='word_1_73' title='bbox 649 1248 721 1314; x_wconf 82' lang='grc' dir='ltr'><strong><em>ταῖς</em></strong></span> <span class='ocrx_word' id='word_1_74' title='bbox 749 1236 900 1321; x_wconf 84' lang='grc' dir='ltr'><strong><em>ἐσχάταις</em></strong></span> <span class='ocrx_word' id='word_1_75' title='bbox 923 1237 1026 1323; x_wconf 77' lang='grc' dir='ltr'><strong><em>ῥίζαις</em></strong></span> <span class='ocrx_word' id='word_1_76' title='bbox 1043 1240 1080 1304; x_wconf 86' lang='grc' dir='ltr'><strong><em>τὸ</em></strong></span> 
     </span>
     <span class='ocr_line' id='line_1_11' title="bbox 67 1341 1123 1430; baseline 0.005 -23"><span class='ocrx_word' id='word_1_77' title='bbox 67 1344 274 1410; x_wconf 86' lang='grc' dir='ltr'><strong><em>Ατλαντικὸν</em></strong></span> <span class='ocrx_word' id='word_1_78' title='bbox 297 1342 474 1409; x_wconf 79' lang='grc' dir='ltr'><strong><em>ἑπιπῖπτον</em></strong></span> <span class='ocrx_word' id='word_1_79' title='bbox 495 1341 654 1427; x_wconf 82' lang='grc' dir='ltr'><strong><em>πέλαγος,</em></strong></span> <span class='ocrx_word' id='word_1_80' title='bbox 681 1346 783 1410; x_wconf 81' lang='grc' dir='ltr'><strong><em>ἔνθεν</em></strong></span> <span class='ocrx_word' id='word_1_81' title='bbox 808 1345 869 1427; x_wconf 82' lang='grc' dir='ltr'><strong><em>τὴν</em></strong></span> <span class='ocrx_word' id='word_1_82' title='bbox 892 1343 998 1430; x_wconf 81' lang='grc' dir='ltr'><strong><em>ἀρχὴν</em></strong></span> <span class='ocrx_word' id='word_1_83' title='bbox 1021 1347 1081 1410; x_wconf 88' lang='grc' dir='ltr'><strong><em>Αἰ-</em></strong></span> <span class='ocrx_word' id='word_1_84' title='bbox 1096 1373 1123 1412; x_wconf 76' lang='grc' dir='ltr'><strong><em>ιο</em></strong></span> 
     </span>
     <span class='ocr_line' id='line_1_12' title="bbox 65 1449 1082 1534; baseline 0.002 -20"><span class='ocrx_word' id='word_1_85' title='bbox 65 1454 184 1516; x_wconf 89' lang='grc' dir='ltr'><strong><em>θιοπία</em></strong></span> <span class='ocrx_word' id='word_1_86' title='bbox 207 1449 271 1516; x_wconf 86' lang='grc' dir='ltr'><strong><em>ἀπὸ</em></strong></span> <span class='ocrx_word' id='word_1_87' title='bbox 295 1458 353 1533; x_wconf 79' lang='grc' dir='ltr'><strong><em>τῆς</em></strong></span> <span class='ocrx_word' id='word_1_88' title='bbox 377 1449 503 1526; x_wconf 86' lang='grc' dir='ltr'><strong><em>δύσεως</em></strong></span> <span class='ocrx_word' id='word_1_89' title='bbox 524 1450 693 1534; x_wconf 78' lang='grc' dir='ltr'><strong><em>λαμβάνει.</em></strong></span> <span class='ocrx_word' id='word_1_90' title='bbox 730 1449 795 1515; x_wconf 85' lang='grc' dir='ltr'><strong><em>ὑπὸ</em></strong></span> <span class='ocrx_word' id='word_1_91' title='bbox 814 1453 932 1515; x_wconf 88' lang='grc' dir='ltr'><strong><em>τοίνυν</em></strong></span> <span class='ocrx_word' id='word_1_92' title='bbox 950 1451 1082 1528; x_wconf 88' lang='grc' dir='ltr'><strong><em>τούτοις</em></strong></span> 
     </span>
     <span class='ocr_line' id='line_1_13' title="bbox 63 1555 1082 1642; baseline 0.003 -23"><span class='ocrx_word' id='word_1_93' title='bbox 63 1567 132 1633; x_wconf 84' lang='grc' dir='ltr'><strong><em>τοῖς</em></strong></span> <span class='ocrx_word' id='word_1_94' title='bbox 155 1558 247 1642; x_wconf 80' lang='grc' dir='ltr'><strong><em>ὄρεσι</em></strong></span> <span class='ocrx_word' id='word_1_95' title='bbox 271 1559 385 1641; x_wconf 90' lang='grc' dir='ltr'><strong><em>λίμναι</em></strong></span> <span class='ocrx_word' id='word_1_96' title='bbox 409 1555 495 1621; x_wconf 77' lang='grc' dir='ltr'><strong><em>εἰσὶν</em></strong></span> <span class='ocrx_word' id='word_1_97' title='bbox 518 1557 566 1632; x_wconf 89' lang='grc' dir='ltr'><strong><em>εἰς</em></strong></span> <span class='ocrx_word' id='word_1_98' title='bbox 589 1557 728 1642; x_wconf 89' lang='grc' dir='ltr'><strong><em>άπειρον</em></strong></span> <span class='ocrx_word' id='word_1_99' title='bbox 750 1557 954 1640; x_wconf 85' lang='grc' dir='ltr'><strong><em>πλατύτητος</em></strong></span> <span class='ocrx_word' id='word_1_100' title='bbox 973 1557 1082 1640; x_wconf 81' lang='grc' dir='ltr'><strong><em>ἡπλω-</em></strong></span> 
     </span>
     <span class='ocr_line' id='line_1_14' title="bbox 64 1659 1082 1749; baseline 0.002 -21"><span class='ocrx_word' id='word_1_101' title='bbox 64 1663 174 1746; x_wconf 83' lang='grc' dir='ltr'><strong><em>μέναι·</em></strong></span> <span class='ocrx_word' id='word_1_102' title='bbox 198 1673 351 1749; x_wconf 82' lang='grc' dir='ltr'><strong><em>παροικεῖ</em></strong></span> <span class='ocrx_word' id='word_1_103' title='bbox 374 1659 411 1727; x_wconf 74' lang='grc' dir='ltr'><strong><em>δὲ</em></strong></span> <span class='ocrx_word' id='word_1_104' title='bbox 434 1663 535 1739; x_wconf 83' lang='grc' dir='ltr'><strong><em>αὐτάς</em></strong></span> <span class='ocrx_word' id='word_1_105' title='bbox 557 1660 655 1745; x_wconf 80' lang='grc' dir='ltr'><strong><em>γένος</em></strong></span> <span class='ocrx_word' id='word_1_106' title='bbox 682 1662 874 1748; x_wconf 80' lang='grc' dir='ltr'><strong><em>ἀνθρώπων</em></strong></span> <span class='ocrx_word' id='word_1_107' title='bbox 897 1674 965 1728; x_wconf 89' lang='grc' dir='ltr'><strong><em>τῶν</em></strong></span> <span class='ocrx_word' id='word_1_108' title='bbox 989 1670 1082 1746; x_wconf 82' lang='grc' dir='ltr'><strong><em>λεγο-</em></strong></span> 
     </span>
     <span class='ocr_line' id='line_1_15' title="bbox 63 1767 1082 1857; baseline 0.002 -23"><span class='ocrx_word' id='word_1_109' title='bbox 63 1769 175 1852; x_wconf 80' lang='grc' dir='ltr'><strong><em>μένων</em></strong></span> <span class='ocrx_word' id='word_1_110' title='bbox 192 1767 438 1854; x_wconf 79' lang='grc' dir='ltr'><strong><em>Ἰχθυοφάγων,</em></strong></span> <span class='ocrx_word' id='word_1_111' title='bbox 467 1769 547 1854; x_wconf 84' lang='grc' dir='ltr'><strong><em>ὅπερ</em></strong></span> <span class='ocrx_word' id='word_1_112' title='bbox 571 1769 635 1835; x_wconf 90' lang='grc' dir='ltr'><strong><em>άπὸ</em></strong></span> <span class='ocrx_word' id='word_1_113' title='bbox 658 1771 790 1856; x_wconf 85' lang='grc' dir='ltr'><strong><em>πρώτης</em></strong></span> <span class='ocrx_word' id='word_1_114' title='bbox 813 1770 901 1855; x_wconf 90' lang='grc' dir='ltr'><strong><em>ώρας</em></strong></span> <span class='ocrx_word' id='word_1_115' title='bbox 924 1772 1000 1857; x_wconf 88' lang='grc' dir='ltr'><strong><em>άχρι</em></strong></span> <span class='ocrx_word' id='word_1_116' title='bbox 1024 1772 1082 1836; x_wconf 92' lang='grc' dir='ltr'><strong><em>δυ-</em></strong></span> 
     </span>
     <span class='ocr_line' id='line_1_16' title="bbox 63 1874 1120 1963; baseline 0.004 -23"><span class='ocrx_word' id='word_1_117' title='bbox 63 1889 156 1960; x_wconf 88' lang='grc' dir='ltr'><strong><em>σμῶν</em></strong></span> <span class='ocrx_word' id='word_1_118' title='bbox 186 1875 286 1959; x_wconf 74' lang='grc' dir='ltr'><strong><em>ἡλίου</em></strong></span> <span class='ocrx_word' id='word_1_119' title='bbox 316 1874 353 1940; x_wconf 81' lang='grc' dir='ltr'><strong><em>ἐν</em></strong></span> <span class='ocrx_word' id='word_1_120' title='bbox 382 1883 429 1963; x_wconf 78' lang='grc' dir='ltr'><strong><em>τῷ</em></strong></span> <span class='ocrx_word' id='word_1_121' title='bbox 457 1874 556 1940; x_wconf 83' lang='grc' dir='ltr'><strong><em>ύδατι</em></strong></span> <span class='ocrx_word' id='word_1_122' title='bbox 586 1876 748 1962; x_wconf 74' lang='grc' dir='ltr'><strong><em>διατρίβει</em></strong></span> <span class='ocrx_word' id='word_1_123' title='bbox 780 1874 835 1941; x_wconf 82' lang='grc' dir='ltr'><strong><em>καὶ</em></strong></span> <span class='ocrx_word' id='word_1_124' title='bbox 865 1887 935 1953; x_wconf 81' lang='grc' dir='ltr'><strong><em>τοῖς</em></strong></span> <span class='ocrx_word' id='word_1_125' title='bbox 966 1878 1080 1962; x_wconf 79' lang='grc' dir='ltr'><strong><em>ἰχθύσι</em></strong></span> <span class='ocrx_word' id='word_1_126' title='bbox 1095 1903 1120 1944; x_wconf 86' lang='lat'><strong><em>15</em></strong></span> 
     </span>
     <span class='ocr_line' id='line_1_17' title="bbox 62 1981 1081 2069; baseline 0.002 -23"><span class='ocrx_word' id='word_1_127' title='bbox 62 1981 226 2069; x_wconf 80' lang='grc' dir='ltr'><strong><em>τρέφεται.</em></strong></span> <span class='ocrx_word' id='word_1_128' title='bbox 271 1982 402 2058; x_wconf 91' lang='grc' dir='ltr'><strong><em>τούτοις</em></strong></span> <span class='ocrx_word' id='word_1_129' title='bbox 425 1981 607 2067; x_wconf 89' lang='grc' dir='ltr'><strong><em>ὁμοροῦσιν</em></strong></span> <span class='ocrx_word' id='word_1_130' title='bbox 636 1983 667 2048; x_wconf 78' lang='grc' dir='ltr'><strong><em>οἱ</em></strong></span> <span class='ocrx_word' id='word_1_131' title='bbox 696 1984 869 2067; x_wconf 82' lang='grc' dir='ltr'><strong><em>λεγόμενοι</em></strong></span> <span class='ocrx_word' id='word_1_132' title='bbox 888 1981 1081 2066; x_wconf 86' lang='grc' dir='ltr'><strong><em>Ἀνθρωπο-</em></strong></span> 
     </span>
     <span class='ocr_line' id='line_1_18' title="bbox 62 2087 1082 2177; baseline 0 -23"><span class='ocrx_word' id='word_1_133' title='bbox 62 2090 177 2172; x_wconf 82' lang='grc' dir='ltr'><strong><em>φάγοι,</em></strong></span> <span class='ocrx_word' id='word_1_134' title='bbox 205 2087 303 2170; x_wconf 80' lang='grc' dir='ltr'><strong><em>γένος</em></strong></span> <span class='ocrx_word' id='word_1_135' title='bbox 325 2087 518 2174; x_wconf 82' lang='grc' dir='ltr'><strong><em>ἀνθρώπων</em></strong></span> <span class='ocrx_word' id='word_1_136' title='bbox 545 2088 792 2175; x_wconf 82' lang='grc' dir='ltr'><strong><em>ἀνδρειότατον,</em></strong></span> <span class='ocrx_word' id='word_1_137' title='bbox 823 2089 892 2177; x_wconf 79' lang='grc' dir='ltr'><strong><em>ῥισὶ</em></strong></span> <span class='ocrx_word' id='word_1_138' title='bbox 920 2090 1082 2175; x_wconf 77' lang='grc' dir='ltr'><strong><em>στρογγύ-</em></strong></span> 
     </span>
     <span class='ocr_line' id='line_1_19' title="bbox 62 2193 1081 2281; baseline -0.001 -20"><span class='ocrx_word' id='word_1_139' title='bbox 62 2202 137 2272; x_wconf 91' lang='grc' dir='ltr'><strong><em>λαις</em></strong></span> <span class='ocrx_word' id='word_1_140' title='bbox 160 2196 343 2281; x_wconf 81' lang='grc' dir='ltr'><strong><em>χρώμενον,</em></strong></span> <span class='ocrx_word' id='word_1_141' title='bbox 370 2197 562 2281; x_wconf 84' lang='grc' dir='ltr'><strong><em>προσώποις</em></strong></span> <span class='ocrx_word' id='word_1_142' title='bbox 585 2194 818 2281; x_wconf 82' lang='grc' dir='ltr'><strong><em>ε’πικαμπέσιν,</em></strong></span> <span class='ocrx_word' id='word_1_143' title='bbox 841 2193 958 2273; x_wconf 84' lang='grc' dir='ltr'><strong><em>όνυξιν</em></strong></span> <span class='ocrx_word' id='word_1_144' title='bbox 983 2194 1081 2278; x_wconf 83' lang='grc' dir='ltr'><strong><em>ἐγγὺς</em></strong></span> 
     </span>
     <span class='ocr_line' id='line_1_20' title="bbox 61 2297 1080 2387; baseline -0.003 -18"><span class='ocrx_word' id='word_1_145' title='bbox 61 2303 199 2369; x_wconf 89' lang='grc' dir='ltr'><strong><em>λέουσιν</em></strong></span> <span class='ocrx_word' id='word_1_146' title='bbox 231 2302 366 2387; x_wconf 89' lang='grc' dir='ltr'><strong><em>ὁμοίοις.</em></strong></span> <span class='ocrx_word' id='word_1_147' title='bbox 423 2301 458 2367; x_wconf 79' lang='grc' dir='ltr'><strong><em>ἐκ</em></strong></span> <span class='ocrx_word' id='word_1_148' title='bbox 490 2313 557 2368; x_wconf 91' lang='grc' dir='ltr'><strong><em>τῶν</em></strong></span> <span class='ocrx_word' id='word_1_149' title='bbox 594 2308 722 2387; x_wconf 81' lang='grc' dir='ltr'><strong><em>λιμνῶν</em></strong></span> <span class='ocrx_word' id='word_1_150' title='bbox 758 2297 821 2367; x_wconf 86' lang='grc' dir='ltr'><strong><em>οὖν</em></strong></span> <span class='ocrx_word' id='word_1_151' title='bbox 855 2301 991 2367; x_wconf 79' lang='grc' dir='ltr'><strong><em>ἐκείνων</em></strong></span> <span class='ocrx_word' id='word_1_152' title='bbox 1022 2304 1080 2378; x_wconf 88' lang='grc' dir='ltr'><strong><em>τάς</em></strong></span> 
     </span>
     <span class='ocr_line' id='line_1_21' title="bbox 60 2407 1119 2496; baseline -0.001 -22"><span class='ocrx_word' id='word_1_153' title='bbox 60 2410 216 2495; x_wconf 81' lang='grc' dir='ltr'><strong><em>ἀφορμάς</em></strong></span> <span class='ocrx_word' id='word_1_154' title='bbox 239 2409 256 2474; x_wconf 89' lang='grc' dir='ltr'>ὁ</span> <span class='ocrx_word' id='word_1_155' title='bbox 279 2410 426 2494; x_wconf 87' lang='grc' dir='ltr'><strong><em>ποταμὸς</em></strong></span> <span class='ocrx_word' id='word_1_156' title='bbox 449 2410 621 2494; x_wconf 83' lang='grc' dir='ltr'><strong><em>λαμβάνει·</em></strong></span> <span class='ocrx_word' id='word_1_157' title='bbox 644 2412 805 2496; x_wconf 76' lang='grc' dir='ltr'><strong><em>προϊόντα</em></strong></span> <span class='ocrx_word' id='word_1_158' title='bbox 828 2411 891 2494; x_wconf 81' lang='grc' dir='ltr'><strong><em>γάρ</em></strong></span> <span class='ocrx_word' id='word_1_159' title='bbox 915 2407 947 2486; x_wconf 79' lang='grc' dir='ltr'><strong><em>ἐξ</em></strong></span> <span class='ocrx_word' id='word_1_160' title='bbox 967 2407 1078 2473; x_wconf 87' lang='grc' dir='ltr'><strong><em>αὐτῶν</em></strong></span> <span class='ocrx_word' id='word_1_161' title='bbox 1093 2435 1119 2473; x_wconf 84' lang='grc' dir='ltr'><strong><em>ιο</em></strong></span> 
     </span>
     <span class='ocr_line' id='line_1_22' title="bbox 59 2515 1080 2603; baseline -0.003 -20"><span class='ocrx_word' id='word_1_162' title='bbox 59 2521 98 2583; x_wconf 82' lang='grc' dir='ltr'><strong><em>τά</em></strong></span> <span class='ocrx_word' id='word_1_163' title='bbox 124 2517 271 2603; x_wconf 82' lang='grc' dir='ltr'><strong><em>ῥεύματα</em></strong></span> <span class='ocrx_word' id='word_1_164' title='bbox 290 2525 462 2602; x_wconf 77' lang='grc' dir='ltr'><strong><em>συνηρεφῆ</em></strong></span> <span class='ocrx_word' id='word_1_165' title='bbox 481 2515 709 2582; x_wconf 76' lang='grc' dir='ltr'><strong><em>ἀποτελοῦσιν.</em></strong></span> <span class='ocrx_word' id='word_1_166' title='bbox 751 2515 787 2580; x_wconf 85' lang='grc' dir='ltr'><strong><em>ἐκ</em></strong></span> <span class='ocrx_word' id='word_1_167' title='bbox 805 2516 934 2581; x_wconf 91' lang='grc' dir='ltr'><strong><em>τούτων</em></strong></span> <span class='ocrx_word' id='word_1_168' title='bbox 952 2515 993 2598; x_wconf 79' lang='grc' dir='ltr'><strong><em>δὴ</em></strong></span> <span class='ocrx_word' id='word_1_169' title='bbox 1012 2525 1080 2580; x_wconf 90' lang='grc' dir='ltr'><strong><em>τῶν</em></strong></span> 
     </span>
     <span class='ocr_line' id='line_1_23' title="bbox 58 2621 1080 2710; baseline -0.004 -19"><span class='ocrx_word' id='word_1_170' title='bbox 58 2630 205 2710; x_wconf 77' lang='grc' dir='ltr'><strong><em>λιμνῶν,</em></strong></span> <span class='ocrx_word' id='word_1_171' title='bbox 233 2622 272 2700; x_wconf 75' lang='grc' dir='ltr'><strong><em>ἃς</em></strong></span> <span class='ocrx_word' id='word_1_172' title='bbox 301 2628 464 2688; x_wconf 85' lang='grc' dir='ltr'><strong><em>καλοῦσιν</em></strong></span> <span class='ocrx_word' id='word_1_173' title='bbox 488 2622 608 2689; x_wconf 81' lang='grc' dir='ltr'><strong><em>ἐκείνοι</em></strong></span> <span class='ocrx_word' id='word_1_174' title='bbox 631 2623 735 2706; x_wconf 82' lang='grc' dir='ltr'><strong><em>Χαάς,</em></strong></span> <span class='ocrx_word' id='word_1_175' title='bbox 764 2621 853 2709; x_wconf 82' lang='grc' dir='ltr'><strong><em>ἐκρεῖ</em></strong></span> <span class='ocrx_word' id='word_1_176' title='bbox 879 2625 1080 2688; x_wconf 88' lang='grc' dir='ltr'><strong><em>λεπτότατόν</em></strong></span> 
     </span>
     <span class='ocr_line' id='line_1_24' title="bbox 58 2727 1079 2816; baseline -0.004 -20"><span class='ocrx_word' id='word_1_177' title='bbox 58 2756 89 2796; x_wconf 91' lang='grc' dir='ltr'><strong><em>τι</em></strong></span> <span class='ocrx_word' id='word_1_178' title='bbox 116 2730 223 2816; x_wconf 88' lang='grc' dir='ltr'><strong><em>ῥεῦμα</em></strong></span> <span class='ocrx_word' id='word_1_179' title='bbox 240 2727 295 2794; x_wconf 80' lang='grc' dir='ltr'><strong><em>καὶ</em></strong></span> <span class='ocrx_word' id='word_1_180' title='bbox 314 2732 410 2815; x_wconf 89' lang='grc' dir='ltr'><strong><em>μόλις</em></strong></span> <span class='ocrx_word' id='word_1_181' title='bbox 429 2729 611 2814; x_wconf 81' lang='grc' dir='ltr'><strong><em>δρώμενον,</em></strong></span> <span class='ocrx_word' id='word_1_182' title='bbox 635 2729 715 2813; x_wconf 81' lang='grc' dir='ltr'><strong><em>ὅπερ</em></strong></span> <span class='ocrx_word' id='word_1_183' title='bbox 735 2731 782 2806; x_wconf 87' lang='grc' dir='ltr'><strong><em>εἰς</em></strong></span> <span class='ocrx_word' id='word_1_184' title='bbox 801 2731 938 2805; x_wconf 89' lang='grc' dir='ltr'><strong><em>στενοὺς</em></strong></span> <span class='ocrx_word' id='word_1_185' title='bbox 956 2731 1079 2804; x_wconf 85' lang='grc' dir='ltr'><strong><em>τόπους</em></strong></span> 
     </span>
     <span class='ocr_line' id='line_1_25' title="bbox 56 2835 1079 2922; baseline -0.002 -21"><span class='ocrx_word' id='word_1_186' title='bbox 56 2836 114 2902; x_wconf 82' lang='grc' dir='ltr'><strong><em>καὶ</em></strong></span> <span class='ocrx_word' id='word_1_187' title='bbox 139 2838 222 2901; x_wconf 87' lang='grc' dir='ltr'><strong><em>κατά</em></strong></span> <span class='ocrx_word' id='word_1_188' title='bbox 244 2835 344 2922; x_wconf 84' lang='grc' dir='ltr'><strong><em>μέρος</em></strong></span> <span class='ocrx_word' id='word_1_189' title='bbox 373 2835 408 2901; x_wconf 82' lang='grc' dir='ltr'><strong><em>ἐκ</em></strong></span> <span class='ocrx_word' id='word_1_190' title='bbox 432 2837 605 2922; x_wconf 89' lang='grc' dir='ltr'><strong><em>διαφόρων</em></strong></span> <span class='ocrx_word' id='word_1_191' title='bbox 632 2845 742 2922; x_wconf 82' lang='grc' dir='ltr'><strong><em>μερῶν</em></strong></span> <span class='ocrx_word' id='word_1_192' title='bbox 770 2837 816 2912; x_wconf 88' lang='grc' dir='ltr'><strong><em>εἰς</em></strong></span> <span class='ocrx_word' id='word_1_193' title='bbox 844 2838 959 2918; x_wconf 86' lang='grc' dir='ltr'><strong><em>κοίτην</em></strong></span> <span class='ocrx_word' id='word_1_194' title='bbox 988 2836 1079 2900; x_wconf 88' lang='grc' dir='ltr'><strong><em>ἰδιάν</em></strong></span> 
     </span>
     <span class='ocr_line' id='line_1_26' title="bbox 56 2936 1117 3027; baseline -0.004 -18"><span class='ocrx_word' id='word_1_195' title='bbox 56 2952 268 3009; x_wconf 83' lang='grc' dir='ltr'><strong><em>καταπίπτον</em></strong></span> <span class='ocrx_word' id='word_1_196' title='bbox 291 2944 372 3020; x_wconf 80' lang='grc' dir='ltr'><strong><em>όύιν</em></strong></span> <span class='ocrx_word' id='word_1_197' title='bbox 397 2951 548 3027; x_wconf 84' lang='grc' dir='ltr'><strong><em>ποταμοῦ</em></strong></span> <span class='ocrx_word' id='word_1_198' title='bbox 572 2941 741 3026; x_wconf 88' lang='grc' dir='ltr'><strong><em>λαμβάνει.</em></strong></span> <span class='ocrx_word' id='word_1_199' title='bbox 787 2936 885 3017; x_wconf 86' lang='grc' dir='ltr'><strong><em>οὗτος</em></strong></span> <span class='ocrx_word' id='word_1_200' title='bbox 908 2939 937 3005; x_wconf 87' lang='grc' dir='ltr'><strong><em>δ’</em></strong></span> <span class='ocrx_word' id='word_1_201' title='bbox 960 2940 1002 3005; x_wconf 79' lang='grc' dir='ltr'><strong><em>δν</em></strong></span> <span class='ocrx_word' id='word_1_202' title='bbox 1026 2946 1076 3024; x_wconf 81' lang='grc' dir='ltr'><strong><em>εἰη</em></strong></span> <span class='ocrx_word' id='word_1_203' title='bbox 1091 2966 1117 3006; x_wconf 79' lang='grc' dir='ltr'><strong><em>ετ</em></strong></span> 
     </span>
     <span class='ocr_line' id='line_1_27' title="bbox 56 3047 1077 3135; baseline -0.006 -18"><span class='ocrx_word' id='word_1_204' title='bbox 56 3051 73 3117; x_wconf 87' lang='grc' dir='ltr'>ὁ</span> <span class='ocrx_word' id='word_1_205' title='bbox 95 3053 232 3131; x_wconf 82' lang='grc' dir='ltr'><strong><em>Νεῖλος,</em></strong></span> <span class='ocrx_word' id='word_1_206' title='bbox 256 3048 346 3125; x_wconf 85' lang='grc' dir='ltr'><strong><em>ὅστις</em></strong></span> <span class='ocrx_word' id='word_1_207' title='bbox 366 3047 420 3114; x_wconf 83' lang='grc' dir='ltr'><strong><em>ἐπὶ</em></strong></span> <span class='ocrx_word' id='word_1_208' title='bbox 439 3051 613 3135; x_wconf 91' lang='grc' dir='ltr'><strong><em>διαφόρων</em></strong></span> <span class='ocrx_word' id='word_1_209' title='bbox 631 3049 799 3131; x_wconf 89' lang='grc' dir='ltr'><strong><em>κλιμάτων</em></strong></span> <span class='ocrx_word' id='word_1_210' title='bbox 817 3048 1009 3132; x_wconf 90' lang='grc' dir='ltr'><strong><em>εἰλούμενος</em></strong></span> <span class='ocrx_word' id='word_1_211' title='bbox 1027 3051 1077 3129; x_wconf 80' lang='grc' dir='ltr'><strong><em>γί-</em></strong></span> 
     </span>
    </p>
   </div>
   <div class='ocr_carea' id='block_1_3' title="bbox 131 3186 782 3258">
    <p class='ocr_par' dir='ltr' id='par_1_8' title="bbox 131 3186 782 3258">
     <span class='ocr_line' id='line_1_28' title="bbox 131 3186 782 3258; baseline 0 -18"><span class='ocrx_word' id='word_1_212' title='bbox 131 3207 156 3240; x_wconf 88' lang='lat' dir='ltr'><strong><em>v.</em></strong></span> <span class='ocrx_word' id='word_1_213' title='bbox 173 3194 187 3241; x_wconf 94' lang='lat'>1</span> <span class='ocrx_word' id='word_1_214' title='bbox 207 3186 396 3242; x_wconf 78' lang='lat' dir='ltr'><strong>Dicaearchus</strong></span> <span class='ocrx_word' id='word_1_215' title='bbox 415 3187 468 3258; x_wconf 85' lang='lat' dir='ltr'><strong>frg.</strong></span> <span class='ocrx_word' id='word_1_216' title='bbox 484 3193 526 3257; x_wconf 74' lang='lat'><strong><em>52,</em></strong></span> <span class='ocrx_word' id='word_1_217' title='bbox 545 3187 628 3243; x_wconf 78' lang='lat' dir='ltr'><strong><em>FHG</em></strong></span> <span class='ocrx_word' id='word_1_218' title='bbox 646 3187 672 3241; x_wconf 93' lang='grc' dir='ltr'>Π</span> <span class='ocrx_word' id='word_1_219' title='bbox 689 3206 716 3257; x_wconf 88' lang='lat' dir='ltr'><strong><em>p.</em></strong></span> <span class='ocrx_word' id='word_1_220' title='bbox 731 3192 782 3240; x_wconf 78' lang='lat'><strong><em>251</em></strong></span> 
     </span>
    </p>
   </div>
   <div class='ocr_carea' id='block_1_4' title="bbox 54 3307 1077 3738">
    <p class='ocr_par' dir='ltr' id='par_1_9' title="bbox 54 3307 1077 3670">
     <span class='ocr_line' id='line_1_29' title="bbox 131 3307 1076 3383; baseline -0.001 -18"><span class='ocrx_word' id='word_1_221' title='bbox 131 3331 155 3366; x_wconf 89' lang='lat' dir='ltr'><strong><em>v.</em></strong></span> <span class='ocrx_word' id='word_1_222' title='bbox 171 3317 187 3365; x_wconf 87' lang='grc'><strong>3</strong></span> <span class='ocrx_word' id='word_1_223' title='bbox 206 3313 255 3367; x_wconf 79' lang='grc' dir='ltr'><strong><em>καὶ</em></strong></span> <span class='ocrx_word' id='word_1_224' title='bbox 273 3309 398 3367; x_wconf 86' lang='grc' dir='ltr'><strong><em>ποικίλαι</em></strong></span> <span class='ocrx_word' id='word_1_225' title='bbox 418 3313 444 3366; x_wconf 89' lang='grc' dir='ltr'><em>Τ</em></span> <span class='ocrx_word' id='word_1_226' title='bbox 466 3314 470 3381; x_wconf 93' lang='grc' dir='ltr'>Ι</span> <span class='ocrx_word' id='word_1_227' title='bbox 496 3307 547 3368; x_wconf 76' lang='grc' dir='ltr'><strong><em>οὖν</em></strong></span> <span class='ocrx_word' id='word_1_228' title='bbox 566 3311 645 3366; x_wconf 79' lang='lat' dir='ltr'><strong>omis,</strong></span> <span class='ocrx_word' id='word_1_229' title='bbox 667 3313 692 3366; x_wconf 85' lang='grc' dir='ltr'><em>Τ</em></span> <span class='ocrx_word' id='word_1_230' title='bbox 763 3319 777 3367; x_wconf 81' lang='grc'><strong>7</strong></span> <span class='ocrx_word' id='word_1_231' title='bbox 798 3311 880 3383; x_wconf 84' lang='grc' dir='ltr'><strong><em>αἰχρη</em></strong></span> <span class='ocrx_word' id='word_1_232' title='bbox 899 3310 939 3379; x_wconf 82' lang='grc' dir='ltr'><strong><em>Α,</em></strong></span> <span class='ocrx_word' id='word_1_233' title='bbox 967 3326 1035 3364; x_wconf 81' lang='lat' dir='ltr'><strong>oorr.</strong></span> <span class='ocrx_word' id='word_1_234' title='bbox 1061 3310 1076 3364; x_wconf 87' lang='grc' dir='ltr'>ὁ</span> 
     </span>
     <span class='ocr_line' id='line_1_30' title="bbox 54 3381 1077 3458; baseline -0.003 -20"><span class='ocrx_word' id='word_1_235' title='bbox 54 3383 177 3458; x_wconf 81' lang='grc' dir='ltr'><strong><em>χρηστὸς</em></strong></span> <span class='ocrx_word' id='word_1_236' title='bbox 194 3384 233 3456; x_wconf 74' lang='lat' dir='ltr'><strong><em>A,</em></strong></span> <span class='ocrx_word' id='word_1_237' title='bbox 255 3386 283 3438; x_wconf 74' lang='lat' dir='ltr'><strong><em>et</em></strong></span> <span class='ocrx_word' id='word_1_238' title='bbox 305 3383 360 3438; x_wconf 78' lang='lat' dir='ltr'><strong>del.</strong></span> <span class='ocrx_word' id='word_1_239' title='bbox 380 3382 409 3452; x_wconf 66' lang='grc' dir='ltr'><strong><em>ὃς</em></strong></span> <span class='ocrx_word' id='word_1_240' title='bbox 432 3391 549 3454; x_wconf 81' lang='grc' dir='ltr'><strong><em>χρηστος</em></strong></span> <span class='ocrx_word' id='word_1_241' title='bbox 566 3384 627 3438; x_wconf 84' lang='grc' dir='ltr'><strong><em>ΒΤ</em></strong></span> <span class='ocrx_word' id='word_1_242' title='bbox 644 3386 673 3438; x_wconf 79' lang='lat' dir='ltr'><strong><em>et</em></strong></span> <span class='ocrx_word' id='word_1_243' title='bbox 691 3382 721 3436; x_wconf 88' lang='lat' dir='ltr'><strong><em>in</em></strong></span> <span class='ocrx_word' id='word_1_244' title='bbox 741 3399 828 3452; x_wconf 78' lang='lat' dir='ltr'><strong>marg.</strong></span> <span class='ocrx_word' id='word_1_245' title='bbox 848 3383 956 3437; x_wconf 75' lang='lat' dir='ltr'><em>Probus</em></span> <span class='ocrx_word' id='word_1_246' title='bbox 975 3381 1077 3436; x_wconf 86' lang='lat' dir='ltr'><em>Roma-</em></span> 
     </span>
     <span class='ocr_line' id='line_1_31' title="bbox 55 3450 1075 3526; baseline -0.006 -14"><span class='ocrx_word' id='word_1_247' title='bbox 55 3473 113 3512; x_wconf 84' lang='grc' dir='ltr'><strong><em>νιτιε</em></strong></span> <span class='ocrx_word' id='word_1_248' title='bbox 134 3456 181 3526; x_wconf 68' lang='grc' dir='ltr'><strong><em>Τλ</em></strong></span> <span class='ocrx_word' id='word_1_249' title='bbox 203 3454 253 3525; x_wconf 87' lang='grc' dir='ltr'><strong><em>όρη</em></strong></span> <span class='ocrx_word' id='word_1_250' title='bbox 273 3453 378 3525; x_wconf 76' lang='grc' dir='ltr'><strong><em>μεγάλα</em></strong></span> <span class='ocrx_word' id='word_1_251' title='bbox 397 3455 425 3508; x_wconf 91' lang='grc' dir='ltr'><strong><em>Β</em></strong></span> <span class='ocrx_word' id='word_1_252' title='bbox 498 3461 530 3508; x_wconf 92' lang='grc'><strong><em>11</em></strong></span> <span class='ocrx_word' id='word_1_253' title='bbox 549 3455 658 3518; x_wconf 84' lang='grc' dir='ltr'><strong><em>τούτοις</em></strong></span> <span class='ocrx_word' id='word_1_254' title='bbox 674 3452 771 3510; x_wconf 86' lang='grc' dir='ltr'><strong><em>τοίνυν</em></strong></span> <span class='ocrx_word' id='word_1_255' title='bbox 791 3454 817 3507; x_wconf 83' lang='grc' dir='ltr'><em>Τ</em></span> <span class='ocrx_word' id='word_1_256' title='bbox 887 3459 920 3507; x_wconf 75' lang='lat'><strong><em>12</em></strong></span> <span class='ocrx_word' id='word_1_257' title='bbox 940 3452 979 3515; x_wconf 86' lang='grc' dir='ltr'><strong><em>εἰς</em></strong></span> <span class='ocrx_word' id='word_1_258' title='bbox 997 3450 1075 3506; x_wconf 69' lang='lat' dir='ltr'><strong>emin.</strong></span> 
     </span>
     <span class='ocr_line' id='line_1_32' title="bbox 55 3522 1076 3597; baseline -0.008 -13"><span class='ocrx_word' id='word_1_259' title='bbox 55 3528 139 3597; x_wconf 64' lang='lat' dir='ltr'><strong><em>BT}</em></strong></span> <span class='ocrx_word' id='word_1_260' title='bbox 156 3526 268 3594; x_wconf 82' lang='grc' dir='ltr'><strong><em>ώπειροι</em></strong></span> <span class='ocrx_word' id='word_1_261' title='bbox 289 3527 314 3579; x_wconf 85' lang='lat' dir='ltr'><em>T</em></span> <span class='ocrx_word' id='word_1_262' title='bbox 367 3531 400 3579; x_wconf 88' lang='lat'><strong><em>18</em></strong></span> <span class='ocrx_word' id='word_1_263' title='bbox 420 3523 601 3593; x_wconf 78' lang='grc' dir='ltr'><strong><em>ἐπικαρπίων</em></strong></span> <span class='ocrx_word' id='word_1_264' title='bbox 620 3527 648 3580; x_wconf 89' lang='grc' dir='ltr'><strong><em>Β</em></strong></span> <span class='ocrx_word' id='word_1_265' title='bbox 704 3532 737 3580; x_wconf 88' lang='grc'><strong><em>19</em></strong></span> <span class='ocrx_word' id='word_1_266' title='bbox 756 3522 874 3594; x_wconf 77' lang='grc' dir='ltr'><strong><em>λιμένων</em></strong></span> <span class='ocrx_word' id='word_1_267' title='bbox 893 3526 920 3577; x_wconf 86' lang='grc' dir='ltr'><strong><em>Β</em></strong></span> <span class='ocrx_word' id='word_1_268' title='bbox 975 3529 1008 3578; x_wconf 79' lang='grc'><strong><em>21</em></strong></span> <span class='ocrx_word' id='word_1_269' title='bbox 1029 3540 1076 3576; x_wconf 85' lang='grc' dir='ltr'><strong><em>ον-</em></strong></span> 
     </span>
     <span class='ocr_line' id='line_1_33' title="bbox 55 3598 269 3670; baseline -0.009 -18"><span class='ocrx_word' id='word_1_270' title='bbox 55 3607 190 3670; x_wconf 84' lang='grc' dir='ltr'><strong><em>νηρεφεῖς</em></strong></span> <span class='ocrx_word' id='word_1_271' title='bbox 208 3598 269 3652; x_wconf 78' lang='lat' dir='ltr'><strong><em>AT</em></strong></span> 
     </span>
    </p>

    <p class='ocr_par' dir='ltr' id='par_1_10' title="bbox 861 3683 914 3738">
     <span class='ocr_line' id='line_1_34' title="bbox 861 3683 914 3738; baseline 0 0"><span class='ocrx_word' id='word_1_272' title='bbox 861 3683 914 3738; x_wconf 81' lang='lat'><strong><em>10*</em></strong></span> 
     </span>
    </p>
   </div>
   <div class='ocr_carea' id='block_1_5' title="bbox 0 0 1270 3988">
    <p class='ocr_par' dir='ltr' id='par_1_11' title="bbox 0 0 1270 3988">
     <span class='ocr_line' id='line_1_35' title="bbox 0 0 1270 3988; baseline 0 6"><span class='ocrx_word' id='word_1_273' title='bbox 0 0 1270 3988; x_wconf 95' lang='lat' dir='ltr'><strong><em> </em></strong></span> 
     </span>
    </p>
   </div>
  </div>
 </body>
</html>
