2556 3996
335 205 445 259 LIBER
462 205 640 272 QUARTUS.
667 205 869 261 IANUARIUS
1070 207 1111 271 73

88 377 180 435 σθαι
204 371 260 436 διά
288 371 351 454 τὴν
373 369 552 455 ἀνώμαλον
574 369 686 436 αὐτῶν
708 370 832 455 φοράν·
863 368 917 434 ’έν
939 378 1000 457 μιᾷ
1021 371 1113 456 γάρ’,
1126 381 1152 434 Χ

88 479 143 554 ὡς
165 480 226 562 έφη
248 502 309 558 τις,

848 581 954 669 0νὲοα

185 692 244 756 τὸν
266 686 329 775 μέν
350 695 509 755 καθεῖλεν
530 689 674 772 ὑψόθεν,
697 690 758 754 τὸν
780 687 812 755 δ’
839 685 893 775 ἦρ’
921 691 1001 775 άνω,

90 797 237 880 μηδενὸς
260 795 298 862 έν
320 796 423 884 ὑμοίφ
453 798 641 880 πεφυκότος
670 794 785 880 μένειν
814 807 882 862 τῶν
912 796 988 883 παρ’
1022 779 1113 882 ὑμῖν,
1142 821 1155 862 5

91 903 181 969 άλλδι
212 905 385 979 παντοίαις
417 903 681 986 μεταβάλλοντος
712 914 859 989 τροπαῖς.
890 903 932 987 ἢ
964 903 1026 968 οὑκ
1056 906 1113 989 δίρ-

92 1034 210 1095 χοντες
237 1007 300 1095 μὲν
327 1008 360 1088 έξ
385 1010 543 1092 ἰδιωτῶν,
572 1010 701 1074 ἰδιῶται
730 1005 767 1074 δέ
791 1008 823 1088 ἐξ
848 1009 1035 1096 ἀρχόντων,
1058 1010 1114 1076 πέ-

92 1141 192 1200 νητες
220 1113 258 1182 δέ
286 1115 321 1181 έκ
347 1119 521 1181 πλουσίων
543 1114 599 1180 καὶ
622 1114 658 1180 έκ
680 1118 833 1200 πενητων
855 1121 1115 1204 πολυχρήματοι,

92 1222 151 1288 καὶ
179 1223 311 1302 ἔνδοξοι
338 1219 400 1306 μέν
423 1221 456 1300 έξ
483 1221 713 1306 ἠμελημένων,
741 1222 997 1308 έπιφανέστατοι
1021 1221 1059 1290 δέ
1082 1224 1114 1302 ἐξ

93 1328 228 1408 ἀδόξων
258 1333 427 1412 γίνονται,
458 1331 593 1414 χείρους
624 1331 657 1394 οἱ
684 1339 746 1395 τοῦ
777 1331 927 1396 πλούτου
958 1332 1049 1414 παρὰ
1077 1333 1115 1396 τὸ
1130 1355 1156 1394 ιο

43 1447 168 1500 RrIII19
181 1434 305 1522 μέτρον
320 1434 500 1521 ἐφιέμενοι,
518 1440 663 1512 πλοῦτος
676 1437 741 1522 γάρ
755 1442 883 1520 μᾶλλον
897 1441 1011 1513 κακίας
1025 1437 1045 1520 ἣ
1059 1461 1116 1502 κα-
1130 1446 1187 1499 XY

96 1544 303 1628 λοκάγαθίας
325 1542 491 1629 ὑπηρέτης
514 1542 594 1626 ἐστί,
618 1541 723 1627 φησὶν
738 1541 927 1629 Ἰσοκράτης
951 1543 968 1609 ὁ
993 1543 1115 1630 ῥητωρ·

94 1649 153 1717 καὶ
185 1646 278 1736 οίμαι
309 1652 442 1727 τούτοις
472 1652 685 1736 προσσχόντα
714 1651 775 1716 τὸν
807 1651 974 1715 Πλάτωνα
1002 1652 1117 1734 φάναι,
1235 1679 1237 1684 ·

97 1757 226 1843 μηδένα
249 1756 405 1841 γίνεσθαι
428 1761 587 1841 μεγίστου
608 1757 758 1821 πλούτου
780 1756 914 1842 κύριον,
939 1758 968 1821 εί
990 1759 1035 1842 μὴ
1058 1759 1118 1824 τὸν

96 1864 387 1952 προεζημιωμένον
409 1865 470 1948 τὴν
492 1865 612 1947 ψυχήν.
1131 1888 1157 1928 15

48 1981 106 2036 IVS
173 1974 203 2038 8.
241 1975 286 2058 Τῇ
319 1971 433 2057 πρώτη
465 1973 583 2035 τοίνυν
612 1969 658 2045 ὡς
686 1971 814 2054 ἔφημεν
842 1981 911 2034 τῶν
932 1972 1211 2037 ΚαλενδῶνΧΗΒ

98 2077 276 2156 ἐθέσπιζον
308 2079 341 2143 οἱ
371 2078 470 2162 ίερελς
499 2077 582 2141 κατά
610 2077 690 2151 τοὺς
718 2079 923 2160 Σιβυλλίους
950 2080 1118 2163 χρησμοὺς

96 2181 183 2268 ὑπὲρ
219 2185 334 2267 ὑγείας
371 2191 491 2269 χρῆναι
527 2184 653 2259 πάντας
685 2182 748 2248 άπὸ
785 2185 876 2268 πρωῒ
909 2184 974 2269 πρὸ
1011 2185 1118 2267 πάσης

99 2289 212 2377 ἑτέρας
235 2300 362 2375 τροφῆς
385 2289 611 2373 ἀπογεύεσθαι
631 2289 777 2375 άκράτου
796 2295 893 2355 οίνου
912 2291 960 2366 είς
978 2290 1118 2376 άποτρό-

98 2421 203 2464 παιον
233 2398 425 2480 ποδαλγίας.
477 2396 586 2462 ἰστέον
618 2392 656 2461 δέ
687 2398 769 2461 κατά
801 2396 862 2479 τὴν
893 2396 1020 2483 ἡμέραν
1051 2407 1118 2462 τῶν
1132 2404 1158 2458 X

98 2505 285 2570 Καλενδῶν
321 2505 381 2568 τὸν
416 2504 514 2586 ὑλιον
549 2501 599 2587 ἐφ’
638 2503 746 2581 ὑψους
782 2506 953 2587 γίνεσθαι,
989 2503 1049 2567 τὸν
1081 2500 1117 2568 δὲ
1132 2529 1157 2567 ιι

99 2610 281 2696 Στέφανον
304 2611 447 2676 δύεσθαι
470 2613 610 2697 όρδρου.
1130 2635 1132 2640 ·

70 2736 83 2783 9
170 2720 201 2782 9.
229 2722 275 2804 Τῇ
309 2713 345 2782 δέ
379 2716 466 2801 ἑξῆς,
498 2718 570 2800 ἥτις
598 2713 667 2780 ἐστὶ
694 2716 759 2801 πρὸ
790 2717 961 2802 τεσσάρων
987 2720 1120 2781 Νωνῶν

174 2895 199 2930 v.
215 2881 230 2929 3
250 2873 284 2931 cf.
304 2873 369 2930 Eur.
388 2875 454 2928 Inus
472 2873 505 2927 fr.
525 2878 586 2940 420,
602 2879 664 2940 2εο.
683 2871 786 2926 Nauck
868 2879 902 2926 12
922 2873 1029 2943 [hoen]
1050 2873 1121 2940 πρὸς

103 2944 270 3072 Διχμόνιιχιχιχ
285 2953 300 3012 ξ
316 2953 360 3070 61
406 2951 439 2999 13
458 2943 765 2999 Plat0=A.E1ter1.s.
830 2949 864 2998 20
882 2942 1070 2997 Wachsmuth
1085 2943 1120 2996 de

103 3037 154 3073 οε.
174 3037 201 3087 p.
288 3035 330 3071 nr.

175 3178 199 3214 v.
219 3166 237 3213 4
261 3152 329 3285 χρεν
356 3160 384 3213 A
474 3164 490 3212 5
518 3167 574 3212 τῶν
598 3155 677 3211 omis.
695 3157 724 3210 A
814 3162 830 3210 8
855 3153 1075 3226 πολυχρημάτων
1092 3155 1121 3208 A

104 3239 137 3286 11
158 3230 241 3300 έφιον
276 3251 321 3287 νοι
337 3231 365 3285 A
381 3232 385 3301 Ι
401 3229 443 3286 ότι
461 3230 512 3284 τὸν
529 3232 650 3282 πλοῦτον
669 3225 817 3296 ίσοκράτης
835 3230 938 3296 μᾶλλον
953 3259 987 3267 -
1000 3227 1121 3280 καλοκά-

104 3301 211 3374 γαθίας
225 3251 302 3358 εὑὺτεν
320 3299 472 3372 ὑπηρέτην·
487 3299 599 3355 πλάταν
614 3297 645 3352 δὲ
660 3294 720 3353 εἶπε
734 3295 841 3368 μηδένα
856 3303 939 3351 -15
958 3296 1054 3367 ψυχήν
1073 3297 1119 3370 Y}

104 3372 207 3436 κακίας
222 3377 324 3443 μᾶλλον
338 3375 366 3427 Β
441 3378 472 3426 12
488 3369 649 3438 Ἰσοκράτης
662 3370 741 3424 omis.
757 3370 789 3423 X
860 3375 893 3422 16
912 3377 945 3438 τῆ
960 3369 1054 3437 πρώτη
1070 3363 1122 3423 οὑν

104 3453 154 3500 τοῦ
174 3442 340 3513 ίανουαρίον
359 3441 506 3509 ἐθέσπιζον
520 3473 554 3483 —-
569 3447 603 3495 20
622 3439 777 3512 ποδαλχίας
790 3440 830 3507 H,
849 3438 891 3494 ὅτι
910 3447 943 3509 τῆ
957 3441 1052 3509 πρώτη
1066 3448 1122 3495 τῶν

105 3519 247 3572 καλενδῶν
272 3514 418 3581 ἐθέσπιζον
432 3547 466 3555 -
482 3519 516 3567 20
534 3509 690 3582 ποδαλγίας
709 3513 732 3568 S
839 3517 871 3565 17
889 3511 1125 3583 ,σιβυλλιακοὺςῧ

107 3595 140 3642 18
159 3587 230 3659 ἀπὸ]
249 3586 306 3656 ἅμα
324 3586 359 3641 Η
429 3591 462 3639 19
481 3583 645 3654 ἀποτροπὴν
662 3584 698 3637 H
808 3617 810 3622 ·
