2524 3984
453 177 658 233 PRAEFATIO
1003 177 1065 232 XCI

47 345 143 404 doctis
169 345 319 405 evolvitur
340 344 456 422 Lydus
485 347 559 406 elios
587 349 743 422 praeterea
770 346 882 405 indices
909 347 1062 406 faciendos

48 454 104 494 non
127 435 254 494 institui.

111 523 266 582 Foliorum
288 527 323 583 ut
351 544 366 583 e
393 525 475 600 prelo
503 524 678 600 prodierunt
706 524 824 602 singule
851 543 968 583 summe
995 523 1063 582 dili-

50 611 149 688 gentie
179 616 209 672 et
238 613 350 690 insigni
378 632 449 672 cure
475 612 669 689 inspexerunt
695 612 873 672 Albrechtus
901 613 1063 687 Dieterich‚

52 700 212 761 Guilelmus
235 702 335 776 Kroll‚
363 701 509 780 Georgius
532 701 692 778 Wissowe,
721 703 774 778 qui
802 721 892 778 opere
914 701 946 759 in
974 721 1063 761 usum

50 811 145 848 meum
165 791 302 867 impense
326 792 442 868 egregie
466 791 502 849 de
525 811 572 850 me
600 794 671 850 sunt
696 791 809 864 meriti3
838 809 892 850 nec
914 810 974 850 non
996 791 1062 866 plu-

51 878 122 938 rime
145 880 183 938 nd
206 881 391 939 restituenda
410 879 488 956 Lydi
510 878 602 939 verbe
625 879 801 954 attulerunt,
824 881 856 939 id
874 879 955 956 quod
974 899 990 937 e
1010 899 1062 938 no-

52 968 174 1028 minibus
205 969 328 1028 illorum
354 969 386 1028 in
415 970 495 1029 notis
526 969 698 1044 saepissime
725 969 858 1028 laudetis
887 987 1062 1045 cognoscere

51 1057 165 1130 poteris.
211 1057 275 1133 ipse
299 1059 379 1118 siin
406 1058 566 1118 scribendis
593 1057 745 1117 nonnullis
767 1057 881 1117 voculis
904 1076 964 1116 non
987 1077 1062 1117 sem-

53 1164 99 1218 per
121 1147 308 1206 constiterim
330 1147 413 1223 mihi,
435 1150 471 1206 ut
493 1146 644 1206 difficilior
667 1149 712 1206 est
736 1166 813 1222 qnee
831 1148 982 1206 tractetur
999 1165 1061 1205 me·

51 1234 129 1309 teria,
148 1236 180 1293 in
199 1255 261 1311 que
278 1237 412 1312 profecto
431 1235 493 1295 (lies
512 1235 591 1294 diem
610 1235 724 1310 doceat,
747 1235 881 1312 graviter
898 1255 958 1295 non
976 1235 1063 1308 feres,

54 1321 189 1399 itemque,
217 1324 244 1382 si
267 1344 326 1400 qua
353 1325 581 1402 typothetarum
608 1327 708 1383 errata
736 1325 837 1384 oculos
865 1343 947 1383 meos
975 1324 1060 1402 fuge-

54 1415 117 1470 runt
142 1413 272 1472 libenter
298 1414 446 1492 ignosceS,
477 1433 603 1489 quorum
630 1413 661 1470 in
687 1413 867 1490 perlegendo
895 1413 972 1472 libro
1000 1413 1064 1471 iem

54 1501 126 1576 typis
145 1502 287 1561 mendnto
306 1503 453 1578 imprimis
471 1523 518 1562 mc
538 1502 737 1561 offenderunt:
760 1523 788 1578 p.
806 1504 913 1578 13,17
933 1501 1062 1560 scriben-

55 1587 117 1646 dum
138 1589 316 1670 προσγραφὴ
336 1625 378 1632 -
397 1613 426 1668 p.
447 1593 498 1667 23,
519 1594 559 1650 12
584 1589 720 1669 μουνάδα
734 1624 776 1631 -
795 1612 824 1667 p.
846 1593 897 1666 64,
917 1593 935 1650 9
960 1589 1063 1667 αἰτίων

55 1707 91 1716 -
109 1699 136 1754 p.
157 1679 208 1755 81,
229 1681 248 1738 8
272 1681 299 1738 X
323 1679 452 1739 addatur
472 1681 504 1738 in
527 1680 661 1758 margine
682 1713 724 1720 —
742 1701 771 1756 p.
793 1681 866 1755 168,
887 1682 990 1756 tepp.
1015 1678 1063 1738 δε-

55 1765 195 1845 ξιούμενοι
215 1801 257 1810 -
278 1788 354 1845 quae
378 1772 415 1829 ut
436 1768 562 1846 benigne
586 1769 717 1846 corriges
740 1771 821 1846 peto.
