2524 3984
462 180 667 238 PRAEFATIO
920 183 1071 238 LXXXVII

59 351 86 408 11.
109 370 131 408 e.
160 353 243 410 sexta
270 350 332 408 fere
358 368 499 409 versuum
525 368 603 424 pars
650 351 675 409 si
706 371 776 410 vero
809 345 944 411 omnibus
976 353 1070 428 parti-

61 439 112 497 bus
140 439 264 498 eandem
290 439 438 498 rationem
469 438 548 496 inter
579 458 655 515 opus
686 439 838 518 integrum
870 441 901 498 et
933 445 1071 516 excerpta

61 547 135 602 quae
164 531 325 604 supersunt
353 527 554 587 intercessisse
584 530 741 603 putamus,
774 531 889 587 sextam
915 531 981 587 tum
1008 530 1069 588 fere

61 617 127 674 libri
149 617 250 693 quarti
272 619 389 692 partem
411 616 499 676 hodie
522 635 675 692 superesse
698 620 795 692 patet3
818 617 944 677 fortasse
968 621 1070 676 autem

62 706 148 779 paulo
170 706 259 782 plura
281 705 432 780 habemus,
457 705 599 780 quoniam
621 705 654 763 in
676 706 791 765 ultimis
816 739 857 746 —
881 706 919 764 ad
941 707 1069 765 Novem-

62 793 139 852 brem
162 795 240 854 enirn
265 798 295 853 et
317 794 509 853 Decembrem
535 813 651 853 menses
678 795 829 869 pertinent
854 795 927 855 folia
950 795 1003 853 illa
1028 829 1069 836 —

64 883 155 943 studio
182 883 245 942 iam
271 883 482 961 languescente
510 883 654 958 pauciora
681 903 774 958 quam
800 883 887 943 initio
915 887 1070 945 mutuatos
1100 871 1106 882 ⁸

65 990 120 1030 csse
142 973 353 1048 epitomatores
375 971 530 1047 probabile
554 974 606 1030 est.

123 1061 259 1120 Diximus
292 1060 388 1119 adhuc
420 1061 456 1118 de
487 1060 557 1118 libri
589 1060 784 1120 Laurentiani
815 1060 934 1137 habitu,
970 1063 1068 1138 qualis
1076 1055 1221 1150 {ffiffssssss

68 1151 106 1207 est
128 1151 298 1223 restitutus,
328 1169 451 1226 agamus
481 1149 543 1208 iam
572 1150 607 1207 de
638 1149 825 1226 singularum
852 1151 1070 1210 sententiarum

68 1239 293 1314 vocularumque
316 1239 426 1311 forma,
453 1257 526 1297 num
552 1238 621 1296 inde
646 1258 663 1297 a
685 1239 806 1298 Ioannis
830 1238 907 1315 Lydi
930 1241 1070 1316 tempori·

67 1324 114 1385 bus
139 1328 256 1405 integra
287 1328 325 1386 ad
353 1345 408 1386 nos
438 1327 614 1403 pervenerit.
661 1330 751 1404 atque
781 1328 837 1386 hoc
867 1329 987 1404 quidem
1015 1349 1069 1404 pro

67 1419 138 1476 certo
159 1435 316 1493 possumus
339 1415 500 1489 affirmare,
527 1416 559 1474 in
582 1415 682 1475 animo
709 1417 801 1475 fuisse
823 1417 873 1492 iis,
902 1418 954 1492 qui
977 1419 1070 1493 epito-

69 1507 206 1564 matorum
229 1525 352 1564 munere
375 1503 571 1578 functicum,
597 1505 746 1581 plerisque
771 1524 844 1581 quos
869 1506 1072 1566 exscribebant

69 1590 142 1671 locis
162 1595 322 1654 verborum
340 1614 449 1652 nexum
466 1593 626 1671 integrum,
644 1597 679 1652 ut
697 1597 763 1652 erat
781 1594 813 1652 in
831 1595 897 1670 ipso
916 1594 1071 1654 Laurentii

68 1679 145 1757 libro,
170 1685 312 1742 retinere:
340 1682 371 1740 id
394 1681 473 1740 enim
496 1703 530 1742 eo
554 1681 787 1758 demonstratur,
815 1683 907 1758 quod,
934 1683 986 1741 ubi
1009 1702 1071 1742 eas-

68 1768 128 1828 dem
148 1772 312 1831 sententias
335 1774 546 1846 excerpserunt
563 1771 662 1845 XYS‚
687 1771 857 1847 saepissime
876 1771 965 1831 verbo
985 1774 1070 1832 tenus

67 1861 230 1936 conspirent
253 1861 284 1918 hi
305 1860 430 1920 codices.
476 1859 528 1918 sed
555 1860 623 1918 aliis
651 1861 724 1919 locis
748 1861 931 1920 contrarium
954 1880 1071 1937 quoque

67 1965 118 2006 usu
137 1951 227 2027 venit,
251 1969 356 2025 nempe
379 1952 414 2007 ut
437 1948 547 2025 singuli
570 1949 685 2006 librarii
707 1949 848 2025 codicum,
872 1969 939 2008 cum
956 1950 989 2007 in
1007 1950 1071 2008 bre-

65 2036 126 2095 vius
148 2039 357 2099 contraherent
378 2037 535 2095 Laurentii
557 2037 662 2111 verba,
690 2039 914 2097 enuntiatorum
943 2038 1072 2114 effigiem

67 2126 132 2184 adeo
148 2128 340 2202 mutaverint,
359 2129 394 2184 ut
407 2126 541 2185 diversae
555 2126 687 2185 eiusdem
700 2127 864 2185 sententiae
880 2130 1072 2186 exorerentur

67 2217 213 2292 tamquam
235 2216 433 2290 recensiones,
461 2234 477 2272 e
506 2215 613 2291 quibus
642 2235 708 2274 eam
737 2234 813 2292 quae
842 2217 971 2292 genuina
994 2218 1072 2274 esset

68 2303 169 2381 eligere
193 2324 254 2364 non
277 2304 413 2363 omnibus
435 2303 507 2364 locis
531 2323 625 2380 aeque
649 2307 713 2363 erat
731 2305 832 2363 facile:
857 2305 975 2363 etiamsi
993 2305 1072 2363 enim

66 2391 94 2449 in
115 2394 286 2453 universum
308 2393 384 2451 hanc
406 2393 503 2469 legem
526 2395 657 2452 statuere
680 2393 777 2469 liceat,
800 2413 902 2453 veram
921 2412 983 2452 esse
1007 2413 1073 2452 eam

67 2480 228 2557 lectionem,
262 2501 339 2558 quae
370 2500 442 2556 prae
470 2481 593 2556 reliquis
620 2482 717 2540 minus
746 2482 777 2540 in
809 2485 908 2542 artum
937 2483 978 2540 sit
1005 2501 1072 2541 con-

66 2572 166 2647 tracta,
194 2571 345 2630 interdum
373 2573 474 2629 tamen
500 2569 596 2629 maior
623 2571 780 2630 verborum
803 2572 888 2646 copia
911 2571 1072 2646 interpola·

66 2660 171 2719 toribus
205 2660 305 2718 deberi
340 2658 463 2719 videtur.
515 2678 608 2733 quare
641 2659 676 2717 de
713 2660 758 2718 his
790 2660 863 2718 locis
896 2659 1073 2737 singillatim

66 2747 178 2808 ferenda
206 2751 292 2807 erant
318 2748 437 2806 iudicia.
487 2751 643 2822 praeterea
670 2752 771 2807 autem
794 2748 907 2807 evitare
935 2768 995 2808 non
1019 2767 1072 2824 po.-

67 2840 157 2896 terant
189 2837 324 2897 codicum
355 2836 483 2911 librarii,
517 2836 588 2911 quin
620 2836 667 2895 hic
700 2837 774 2912 11116,
806 2837 894 2897 initio
927 2837 1072 2913 imprimis

68 2927 274 2985 sententiarum
299 2927 329 2984 et
353 2925 420 2998 fine,
445 2925 589 2984 nonnulla
613 2928 803 2984 mutarentur
828 2926 947 3001 inipso
976 2945 1073 2984 excer-

66 3015 166 3090 pendo,
195 3018 225 3073 et
248 3015 321 3090 quin
342 3013 503 3090 paullatim
526 3013 726 3089 compluribus
754 3015 827 3075 locis
853 3033 916 3073 sese
939 3014 1073 3073 insinua-

67 3108 126 3162 rent
159 3103 268 3162 menda
300 3103 416 3178 aliqua,
453 3102 561 3177 quibus
593 3103 750 3162 verborum
782 3103 940 3178 integritas
973 3102 1072 3161 foeda-

67 3195 147 3250 retur.
203 3193 255 3252 sed
291 3211 393 3250 earum
430 3191 563 3266 quidem,
601 3190 709 3266 quibus
745 3191 858 3266 priores
896 3191 1074 3249 laborabant

68 3280 213 3357 editiones
237 3281 476 3356 corruptelarum
498 3279 644 3354 plmimae
673 3279 809 3339 emedio
832 3283 903 3339 sunt
930 3279 1074 3353 sublatae,

68 3369 122 3428 sire
143 3370 287 3445 inspectis
310 3369 407 3427 denuo
431 3367 580 3427 codicibus
608 3368 808 3444 iampridem
830 3369 924 3443 notis
952 3386 1018 3426 cum
1042 3368 1074 3425 in

71 3457 122 3518 'llis
143 3459 219 3518 talia
244 3457 363 3518 omnino
387 3475 447 3515 non
473 3457 534 3532 legi
562 3458 764 3533 apparuisset,
793 3458 854 3518 sive
881 3457 967 3516 novis
991 3456 1074 3514 adhi-

70 3546 132 3608 bitis
163 3548 248 3607 libris
279 3565 372 3604 manu
403 3545 536 3623 scriptis,
573 3564 700 3621 quorum
732 3547 859 3606 lectione
891 3546 1076 3621 reliquorum
