2556 3996
159 191 204 255 24
546 191 656 244 LIBER
673 191 795 244 ALTER

118 365 145 418 Y
159 355 197 420 τὸ
216 355 279 440 γάρ
299 355 417 440 ἀρτιον
435 351 539 437 μέσον
556 354 734 419 διασπᾶται
753 354 992 438 διαιρούμενον
1010 363 1069 420 τοῦ
1089 351 1182 430 ἑνός’

159 462 262 545 μόνος
292 456 329 524 δὲ
359 459 546 545 ἀδιαίρετος
576 461 594 526 6
625 463 786 546 περιττός.
837 460 855 526 6
885 457 947 546 μὲν
976 463 1040 547 γάρ
1071 462 1183 545 ἀρρην

160 566 306 653 ἀριθμὸς
329 568 546 653 τετράγωνος,
570 566 655 651 αὐγή
678 566 734 632 καὶ
751 577 834 652 φῶς,
857 566 890 645 ἐξ
911 569 1061 652 ἰσότητος
1078 573 1182 633 πλευ-

161 685 230 761 ρῶν
262 674 442 758 συνεστώς,
480 674 498 740 6
532 671 569 739 δὲ
602 680 711 758 θῆλυς
743 672 955 761 ἑτερομήκης,
986 675 1091 739 νύκτα
1120 672 1182 738 καὶ

134 784 281 847 εσιιότον
304 783 390 865 ἔχειν
412 782 470 846 διά
492 782 554 864 τήν
576 780 769 864 ἀνισότητα·
793 780 810 846 6
836 777 873 845 δὲ
896 778 1094 866 ἑτερομήκης
1115 782 1183 864 τήν

160 884 223 972 μὲν
246 885 405 953 ἐλάττονα
426 889 575 972 πλευρὰν
598 887 756 953 ἐλάττονα
775 890 842 971 ἔχει
861 884 922 970 ἑνί,
944 888 1006 970 τήν
1024 883 1062 952 δὲ
1079 891 1181 972 μείζω

160 991 395 1079 περιττοτέραν
423 991 482 1058 ἑνί.
528 995 612 1060 ὥστε
640 993 657 1059 6
686 994 748 1062 δύο
777 993 922 1080 ἀριθμὸς
949 993 991 1059 οὐ
1018 996 1180 1080 καθαρός,

160 1111 295 1185 πρῶτον
317 1099 393 1184 μέν,
422 1101 473 1165 ὅτι
494 1102 591 1177 κενός
614 1099 683 1166 ἐστι
706 1098 761 1166 καὶ
785 1101 825 1166 οὐ
848 1103 984 1184 ναστός,
1011 1102 1049 1166 τὸ
1073 1097 1110 1165 δὲ
1134 1102 1181 1185 μή

161 1211 285 1292 πλῆρες
308 1205 349 1272 οὐ
372 1211 535 1293 καθαρόν,
559 1207 642 1294 ἀρχή
666 1205 704 1272 δὲ
727 1207 877 1293 ἀπειρίας
896 1206 953 1273 καὶ
971 1207 1181 1290 ἀνισότητος·

122 1337 149 1377 10
163 1311 314 1398 ἀπειρίας
336 1310 398 1398 μὲν
425 1315 482 1380 διά
509 1315 571 1397 τήν
598 1314 698 1399 ὕλην,
729 1313 924 1398 ἀνισότητος
951 1311 988 1379 δὲ
1016 1316 1073 1379 διά
1099 1317 1183 1390 τοὺς
1269 1375 1270 1380 ,

163 1417 383 1506 ἑτερομήκεις·
411 1421 495 1486 ὅθεν
523 1422 555 1486 οί
582 1419 719 1486 παλαιοί
742 1422 786 1498 ὡς
813 1420 899 1504 ὕλην
926 1419 982 1485 καὶ
1005 1419 1182 1507 ἑτερότητα

108 1537 165 1590 xY
179 1527 240 1609 τήν
267 1528 376 1592 δυάδα
405 1527 712 1613 παραλαμβάνουσι.
757 1529 883 1612 τόλμαν
906 1524 943 1593 δὲ
966 1527 1021 1592 καὶ
1046 1529 1077 1593 ολ
1101 1525 1182 1613 περὶ
1270 1539 1271 1554 ²

166 1634 361 1720 Φερεκύδην
403 1633 562 1700 ἐκάλεσαν
607 1635 669 1717 τήν
710 1635 833 1718 δυάδα,
879 1632 935 1699 καί
976 1634 1083 1720 ὁρμήν
1123 1632 1183 1698 καὶ

164 1739 267 1818 δόξαν
293 1745 469 1825 καλοῦσιν,
498 1741 549 1806 ὅτι
578 1741 616 1806 τὸ
646 1736 771 1825 ἀληθὲς
800 1739 855 1806 καί
885 1737 1006 1819 ψευδὲς
1034 1740 1071 1806 ἐν
1098 1739 1183 1826 δόξῃ

122 1857 149 1910 Y
164 1845 242 1912 ἐστί.
287 1850 495 1931 πανσόβητος
521 1849 585 1934 γάρ
612 1846 633 1930 ἡ
656 1847 719 1931 ὕλη
747 1844 803 1912 καὶ
831 1849 970 1923 ἀστατος
996 1846 1052 1912 καὶ
1076 1853 1184 1912 πολυ-

124 1977 149 2016 16
163 1954 359 2039 μετάβολος,
401 1957 593 2039 κακοπαθής
630 1978 664 2020 τε
700 1953 756 2019 καί
792 1957 907 2020 πόνων
942 1955 1184 2039 ὑπομονητική,

162 2062 246 2126 κατὰ
274 2061 379 2145 φύσιν
406 2062 444 2126 τὸ
474 2062 631 2147 μεριστὸν
657 2060 713 2126 καί
740 2062 876 2138 διεστὼς
903 2063 1038 2146 ἔχουσα·
1069 2060 1086 2126 6
1114 2062 1184 2146 γάρ

164 2167 252 2246 ἀξυν
275 2166 374 2253 μέσος
397 2170 454 2234 διδι
475 2169 600 2244 παντὸς
617 2169 708 2252 ήκειν
725 2177 786 2233 τοῦ
805 2169 953 2254 ούρανοῦ
971 2179 1100 2254 πρῶτος
1117 2169 1185 2251 τήν

164 2276 212 2351 είς
236 2274 298 2339 δύο
321 2274 426 2357 τομήν
448 2272 504 2338 καὶ
528 2272 592 2337 ἀπὸ
615 2283 676 2339 τοῦ
697 2271 769 2350 ἑνὸς
787 2272 970 2339 ἀπόστασιν
987 2273 1185 2358 ὑποφαίνει,

125 2403 151 2443 ιο
166 2387 271 2457 αίτιος
294 2377 331 2445 δὲ
354 2389 412 2464 τῆς
433 2381 539 2463 πάσης
559 2389 620 2445 τοῦ
640 2381 803 2464 αἰσθητοῦ
822 2382 982 2463 κινήσεως
999 2378 1055 2444 καί
1072 2381 1185 2466 πάντη

164 2498 233 2552 τῶν
264 2497 394 2571 νοητῶν
425 2486 674 2572 κεχωρισμένος.
733 2485 832 2552 ταῦθ’
866 2486 971 2563 οὕτως
1007 2489 1125 2571 ἔχοντα
1165 2487 1185 2553 6

164 2597 305 2677 Νουμᾶς
332 2593 442 2679 εὑρὼν
460 2591 629 2677 Ῥωμαίοις
652 2594 712 2658 τὸν
738 2594 857 2658 δυικὸν
884 2592 1032 2679 ἀριθμὸν
1057 2592 1186 2678 ἀπηγό-

42 2711 45 2716 ’
165 2717 285 2787 ρευσεν
308 2698 345 2764 ἐν
367 2709 439 2776 ταῖς
467 2696 608 2786 ἑορταῖς·
637 2695 716 2764 οὐδὲ
738 2701 802 2785 γάρ
826 2698 1032 2785 ἀριθμοῦσιν
1056 2700 1088 2765 06
1107 2698 1185 2764 Ῥω-

165 2817 273 2892 μαίοι,
297 2808 406 2891 ὥσπερ
430 2807 495 2891 πρὸ
518 2806 689 2891 τεσσάρων
711 2804 768 2871 καὶ
790 2817 907 2892 τριῶν,
932 2805 1018 2871 οὕτω
1041 2804 1097 2871 καὶ
1115 2807 1184 2890 πρὸ

125 2936 151 2976 ιε
166 2914 228 2980 δύο
253 2912 419 2997 λέγοντες·
443 2913 487 2989 ὡς
508 2910 565 2976 καί
580 2910 756 2996 Ἀθηναῖοι
778 2914 815 2978 τὸ
838 2911 920 2999 πρὶν
942 2913 1003 2995 τήν
1022 2911 1186 2997 δευτέραν

235 3149 293 3198 v.1
317 3143 349 3196 τὸ
373 3140 425 3212 γάρ
444 3173 480 3182 -
500 3146 532 3194 12
555 3138 808 3211 παραλαμβάνουσι
831 3140 910 3194 omis.
934 3143 966 3194 X
998 3143 1002 3209 Ι
1036 3138 1121 3209 μέσον
1147 3137 1185 3196 δν

165 3217 319 3269 διασπᾶται
338 3214 371 3282 Y,
391 3210 425 3268 δν
444 3211 498 3267 del.
513 3213 564 3280 16,
584 3214 736 3267 διασπᾶται
755 3213 788 3266 ού
802 3211 931 3266 Nokkius
948 3214 952 3282 Ι
968 3211 1185 3280 διαιρούμενον

165 3286 274 3354 DFG,
298 3281 486 3354 διαρουμίνου
510 3284 609 3338 GEM
692 3285 859 3346 4συνιστάις
875 3284 906 3337 D
989 3290 1011 3344 8¹
1024 3292 1135 3351 πρῶτος
1151 3284 1185 3337 D

167 3363 200 3410 12
218 3354 323 3425 τόλμαν
347 3353 378 3410 δὲ
401 3355 491 3424 αὐτὴν
513 3356 562 3409 καὶ
585 3354 674 3424 ὁρμὴν
697 3371 754 3423 eqs.
778 3355 807 3408 1¹
881 3359 914 3408 13
933 3353 1022 3424 ὁρμὴν
1040 3355 1113 3424 ΑΥ,
1135 3374 1184 3408 το-

165 3426 221 3497 μήν
239 3429 267 3481 Β
341 3432 375 3480 14
393 3427 584 3481 ἀποκαλοῦσιν
603 3427 635 3480 X
655 3426 660 3498 ή
684 3423 809 3496 ἀψευδὲς
826 3426 853 3479 Α
927 3431 960 3480 15
978 3423 1043 3480 ἐστί.
1071 3425 1184 3495 reliqua

165 3497 249 3551 huius
272 3497 444 3568 paragraphi
468 3497 546 3552 omis.
566 3499 598 3551 X
683 3503 716 3551 16
734 3494 939 3566 ύπομονητικός
958 3498 989 3551 D
1072 3503 1105 3550 17
1126 3500 1183 3551 διε-

166 3567 230 3631 στός
247 3569 278 3622 D
351 3575 385 3622 20
404 3577 452 3638 τῆς
470 3567 572 3640 πάσης]
590 3577 650 3631 τοῖς
667 3576 736 3622 πᾶσι
754 3568 792 3621 Μ
862 3575 895 3622 22
915 3568 1021 3637 νούμας
1039 3569 1069 3622 D
