2556 3996
489 209 599 265 LIBER
616 210 772 266 TERTIUS
1095 211 1138 276 59

109 383 184 451 τοῖς
206 384 312 440 πᾶσιν
337 372 456 440 ἑαυτοῦ
479 373 535 439 καὶ
557 376 738 460 ταχύτατός
761 374 830 440 ε’στι
852 376 960 458 πύσης
977 377 1171 458 κινήσεωςὸ

110 479 170 546 καὶ
194 479 245 546 ἀεὶ
273 481 429 557 ὡσαύτως
450 483 545 564 ἔχων,
569 483 606 547 τό
630 504 665 546 τε
689 477 839 568 εἶναιτῷ
862 479 962 546 παντὶ
986 483 1137 569 αἰσθητῷ

111 589 237 653 δίδωσι
260 587 422 673 οὐδεμίαν
445 587 632 671 ε’ναλλαγην
655 586 709 654 καὶ
734 591 904 654 ποικιλίαν
924 588 1043 671 λαχών.

54 706 193 772 RrIII‚14
253 693 384 759 20.”Οτι
398 691 435 760 δὲ
449 687 509 760 τὸν
523 695 680 760 ἐνιαυτὸν
693 696 738 772 ὡς
750 695 836 760 θεὸν
848 694 1016 779 ἐτίμησαν,
1031 695 1136 778 δῆλον
1150 705 1174 758 X

110 801 145 880 ἐξ
172 801 274 884 αὐτῆς
301 808 359 883 τῆς
383 801 507 866 Λυδῶν
530 803 703 885 βασιλίδος
729 803 865 878 πόλεως.
912 801 1045 886 Σύρδιν
1072 803 1135 887 γὰρ
1164 823 1176 863 5

110 907 221 991 αὐτὴν
239 905 294 971 καὶ
315 905 445 993 Ξυύριν
458 907 476 972 ὁ
491 906 627 984 Ξάνθος
645 912 749 991 καλεῖ,
767 909 805 973 τὸ
824 904 862 973 δὲ
881 908 1014 993 Σύρδιν
1032 909 1138 991 ὄνομα

110 1021 146 1080 εί
165 1038 218 1090 τις
240 1015 323 1078 κατὰ
342 1013 490 1099 ἀριθμὸν
513 1012 758 1098 ἀπολογίσεται,
781 1013 879 1080 πέντε
901 1012 957 1079 καὶ
981 1012 1138 1098 ἑξήκοντα

109 1119 168 1186 καὶ
202 1123 394 1207 τριακοσίας
431 1120 564 1206 εὑρήσει
598 1121 755 1204 συνάγων
790 1122 951 1206 μονάδας·
984 1122 1029 1198 ὡς
1059 1119 1138 1186 κάν-

110 1233 238 1293 τεῦθεν
261 1222 348 1292 εἶναι
376 1228 497 1310 δῆλον,
526 1227 611 1313 πρὸς
633 1229 733 1312 τιμὴν
754 1227 853 1311 ἡλίου
876 1238 937 1294 τοῦ
962 1229 1138 1305 τοσαύταις

109 1333 252 1421 ἡμέραις
279 1335 339 1399 τὸν
367 1334 524 1400 ἐνιαυτὸν
552 1334 766 1417 συνάγοντος
785 1336 918 1421 Σύρδιν
941 1335 1137 1419 ὠνομασδῆ-
1152 1357 1178 1396 10

110 1465 170 1507 ναι
193 1441 256 1524 την
282 1442 391 1505 πόλιν.
436 1439 516 1505 νέον
543 1437 580 1506 δὲ
609 1442 730 1526 σύρδιν
752 1441 789 1505 τὸ
814 1440 893 1506 νίον
916 1445 988 1517 ἔτος
1011 1443 1060 1505 ἔτι
1081 1439 1137 1505 καὶ

111 1557 180 1613 νῦν
210 1546 368 1629 λέγεσθαι
398 1555 444 1636 τῷ
474 1549 598 1630 πλήθει
628 1553 917 1631 συνομολογεῖται·
947 1545 1011 1612 εἰσὶ
1039 1543 1077 1611 δὲ
1105 1547 1140 1612 οἵ

111 1671 208 1739 φασι,
231 1663 272 1739 τῇ
297 1655 420 1718 Λυδῶν
443 1652 565 1740 ἀρχαίᾳ
588 1663 685 1738 φωνῇ
709 1653 768 1717 τὸν
788 1651 942 1718 ἐνιαυτὸν
960 1658 1136 1718 καλεῖσθαι

111 1761 245 1846 σάρδιν.

61 1878 184 1933 deesth
208 1867 261 1930 21.
276 1864 347 1930 Ὅτι
362 1866 421 1931 τὸν
435 1872 535 1932 Πᾶνα
554 1868 601 1943 εἰς
614 1867 676 1950 τὴν
694 1867 793 1932 τοῦδε
812 1875 872 1930 τοῦ
891 1867 1014 1943 παντὸς
1032 1867 1138 1950 φύσιν
1153 1876 1171 1929 S

110 1974 345 2058 λαμβάνουσιν
368 1974 400 2038 οἱ
420 1974 539 2057 Λυδοί,
563 1975 685 2058 αεραύν
703 1995 779 2037 τινα
798 1972 861 2038 ἀπὸ
882 1974 1031 2056 σελήνης,
1054 1978 1136 2056 φλο-
1151 1996 1176 2035 16

111 2081 206 2164 γώδη
237 2075 274 2144 δὲ
305 2081 364 2155 τὰς
393 2081 487 2158 ὄψεις
517 2078 582 2144 ἀπὸ
612 2088 673 2144 τοῦ
704 2078 855 2163 αδδέρος,
886 2079 1004 2144 λύσιον
1033 2075 1071 2143 δὲ
1098 2079 1136 2144 τὸ

112 2198 209 2271 σῶμα
231 2184 297 2250 ἀπὸ
320 2195 378 2270 τῆς
401 2194 471 2268 γῆς,
494 2188 646 2271 χείρονος
674 2181 711 2250 δὲ
738 2186 870 2269 φύσεως
893 2187 933 2250 τδι
956 2187 1056 2251 λοιπὰ
1080 2186 1136 2250 διὰ

110 2296 176 2378 τὴν
198 2295 323 2376 ίίλογον
345 2301 404 2375 τῆς
425 2291 508 2375 ὕλης
529 2294 708 2356 ποικιλίαν.

64 2411 184 2466 deesth
207 2399 260 2463 22.
285 2399 327 2462 Οἱ
346 2406 447 2482 μῆνες
464 2399 664 2463 δυοκαίδεκα
682 2398 772 2483 παρὰ
785 2407 888 2462 πᾶσιν
909 2399 1003 2474 ὄντες
1022 2399 1136 2474 ἄλλοις
1149 2410 1176 2463 Η

112 2511 253 2573 ἔθνεσιν
276 2505 384 2581 ἄλλως
406 2505 721 2590 προσαγορεύονται.
766 2502 822 2568 καὶ
852 2505 916 2590 γὰρ
941 2502 1135 2588 Ἀθηναίοις
1150 2530 1175 2569 21

112 2610 175 2698 μὲν
198 2611 315 2689 οὕτως·
335 2609 588 2696 Ἐλαφηβολιὼν
607 2611 816 2696 Μουνυχιὼν
837 2612 1037 2695 Θαργηλιὼν
1055 2617 1135 2676 Σκι-

113 2719 288 2806 ροφοριὼν
299 2716 549 2803 Ἑαατομβαιὼν
562 2719 815 2800 Μεταγειτνιὼν
828 2719 1051 2804 Βοηδρομιὼν
1065 2723 1134 2782 Πυ-

113 2826 264 2905 ανεψιὼν
277 2825 544 2911 Μαιμακτηριὼν
558 2824 752 2890 Ποσειδεὼν
767 2825 945 2909 Γαμηλιὼν
958 2823 1135 2908 Ἀνθεστη-

186 3021 211 3056 v.
233 3008 248 3055 6
267 3001 397 3056 Xanthus
417 3000 450 3055 fr.
472 3006 506 3054 14
525 2999 589 3055 add.
608 2999 692 3053 FHG
707 2999 746 3054 IV
763 3018 791 3069 p.
807 3004 885 3053 629·

188 3149 246 3200 υ,4
265 3141 308 3198 ὅτι
327 3142 439 3212 σύρδεις
453 3143 470 3213 ἡ
485 3145 577 3198 λνδῶν
591 3140 670 3204 πόλις
689 3142 729 3204 εἰς
747 3141 829 3211 τιμὴν
848 3137 996 3225 τού-ἡλίου
1011 3137 1135 3211 ἐκτίσθη.

116 3231 187 3288 ὅθεν
213 3233 263 3286 καὶ
286 3232 301 3286 δ
327 3243 383 3288 τῶν
413 3230 556 3302 στοιχείων
585 3231 708 3300 ἀριθμὸς
737 3231 778 3294 εἰς
799 3229 849 3292 τὰς
873 3231 919 3295 τξε
951 3237 1136 3298 συμποιοῦται

115 3302 220 3373 ἡμέρας
238 3312 288 3358 τοῦ
308 3303 446 3360 ἐνιαυτοῦ.
484 3306 533 3359 καὶ
552 3301 653 3373 σύρδιν
672 3301 703 3356 δὲ
726 3300 805 3370 παρὰ
823 3311 861 3356 τῶ
883 3299 987 3368 πλήθει
1007 3301 1048 3371 (τδ
1067 3304 1136 3371 πλῆ-

115 3379 169 3438 θος
188 3375 235 3444 1))
253 3375 285 3429 τὸ
309 3373 376 3430 νέον
398 3374 459 3438 ἔτος
481 3375 511 3428 Y
599 3380 614 3428 ⁷
637 3372 710 3428 κατὰ
734 3373 785 3428 τὸν
807 3373 933 3442 ἀριθμὸν
952 3372 979 3425 Β
1005 3374 1008 3441 Ι
1033 3373 1136 3426 ὑπολο-

116 3444 264 3516 γλσεταιΑ
326 3443 499 3515 9ἡελλουΒ
561 3453 593 3500 11
613 3443 679 3500 νεύν
698 3444 779 3513 δὲΑ,
803 3441 868 3499 νέου
887 3442 918 3498 δὲ
933 3444 961 3497 Β
1016 3449 1050 3496 22
1069 3464 1136 3498 νου-

117 3518 217 3588 νεχιὼν
231 3518 271 3585 Η,
291 3534 360 3572 corr.
373 3518 416 3588 H,
435 3520 439 3588 Ι
456 3517 651 3587 σαηροφοριὼν
665 3517 704 3586 H,
724 3533 793 3571 corr.
807 3516 851 3587 H,
922 3520 956 3568 23
975 3516 1136 3586 πιανεψιὼν

117 3589 305 3658 μεμακτεριὼν
323 3590 479 3644 ποσιδαιών
497 3590 537 3659 Η,
557 3607 626 3644 corr.
645 3589 691 3661 Η,
