2524 3984
176 175 318 230 XXXVIII
585 171 789 228 PRAEFATIO

177 341 409 425 παρατετήρηται
437 385 445 400 .
468 388 475 400 .
505 386 512 401 .
542 339 618 421 πρὸς
647 339 763 414 τούτοις
793 337 844 400 καὶ
874 338 942 420 περὶ
975 339 1122 422 διαφορᾶς
1155 339 1195 402 ἔτι

177 432 320 514 πρότερον
337 429 492 510 ἒνιαντῶν,
515 429 636 492 αἰώνων
658 450 689 491 τε
705 428 756 490 aul
769 427 883 511 χρόνων
896 427 947 490 καὶ
961 427 1053 510 ἀρχῆς
1067 426 1194 511 ἡμερῶν,

178 522 279 584 omnia
301 524 371 581 sunt
399 520 573 598 explanata:
602 519 665 579 iam
694 519 774 578 enim
802 519 857 578 illa
886 519 931 579 ita
961 518 1108 596 disposita
1132 539 1194 580 esse

177 613 319 689 apparet,
348 612 384 668 ut
412 608 542 685 primum
571 608 751 668 Laurentius
780 608 960 685 pclficeatur
982 627 1033 684 ea,
1064 609 1195 684 quaein

177 700 254 760 libro
278 701 386 776 quarto
410 699 450 757 sit
473 697 661 774 expositurus
683 697 720 757 de
743 697 889 756 mensium
911 697 1082 756 nominibus
1105 699 1136 757 et
1159 698 1194 756 de

176 789 268 865 feriis,
288 805 362 864 quas
378 785 493 846 veteres
511 786 640 846 Romani
658 786 784 864 singulis
802 786 952 846 mensibus
970 786 1195 860 celebraverint,

177 877 284 937 deinde
307 877 343 935 de
367 894 444 935 anno
468 894 542 936 aevo
565 877 714 952 tempore,
742 893 817 951 quae
846 875 878 933 in
905 874 982 935 libro
1010 875 1099 935 tertio
1124 875 1195 934 dum

177 967 294 1045 integer
316 965 376 1024 fuit
397 965 476 1024 laeta
498 965 590 1025 fixisse
614 965 820 1024 demonstrant
841 963 888 1022 ΙΠ
911 961 931 1040 5
954 967 984 1023 4.
1000 966 1028 1024 5.
1045 965 1099 1038 15;
1129 967 1196 1024 tum

178 1055 214 1114 de
241 1053 329 1114 initio
359 1053 432 1128 diei,
466 1072 556 1130 quam
590 1053 749 1122 materiam
777 1053 854 1112 libro
885 1053 973 1111 alteri
1003 1053 1136 1130 seposuit
1167 1058 1197 1113 et

178 1142 370 1219 subsequenti
393 1142 497 1202 atatim
518 1143 709 1221 paragrapho
733 1133 787 1222 (11,
798 1133 833 1224 2)
856 1141 991 1218 pluribus
1020 1142 1196 1204 illustravIt.

177 1251 272 1309 neque
309 1250 380 1292 vero
416 1230 564 1290 marsiam
599 1231 686 1290 illum
722 1231 893 1308 catalogum
930 1231 969 1289 ad
1009 1231 1197 1309 singularum

178 1321 335 1380 nationum
358 1320 577 1396 appellationes
600 1319 778 1396 dIspositum
806 1316 848 1398 (p.
873 1320 924 1394 59,
935 1321 978 1380 20
1001 1312 1081 1403 sqq.)
1109 1321 1195 1397 Lydo

179 1410 323 1486 abrogare
346 1427 512 1485 possumus,
536 1408 588 1486 qui
610 1409 704 1467 talem
727 1408 876 1484 quendam
897 1410 933 1466 ut
955 1408 987 1466 in
1009 1408 1119 1468 librum
1143 1411 1197 1487 qui

178 1499 214 1558 de
236 1497 386 1558 mensibus
416 1498 526 1576 agebat
554 1498 715 1574 reciperet,
743 1497 920 1557 necessitate
948 1495 1044 1574 paene
1075 1501 1197 1558 coactus

179 1580 275 1647 erat2²
320 1606 412 1663 quare
447 1587 535 1645 illum
572 1605 689 1663 quoque
720 1585 754 1645 in
786 1586 947 1645 editionem
982 1587 1089 1663 recepi,
1135 1607 1196 1664 quo

177 1677 292 1736 factum
314 1678 374 1751 est,
400 1678 435 1735 ut
457 1675 608 1753 integrum
630 1675 717 1734 illum
738 1678 904 1735 tractatum
927 1674 1036 1735 codicis
1054 1675 1094 1750 H,
1116 1678 1196 1736 tam-

179 1785 271 1842 quam
293 1784 309 1824 e
332 1764 495 1824 Laurentio
519 1764 582 1824 solo
601 1763 799 1841 depromptus
822 1764 880 1839 sit,
901 1764 934 1823 in
962 1764 1122 1824 edItionem
1150 1786 1196 1825 re·

178 1855 275 1913 latum
309 1853 453 1914 invenias.
508 1852 589 1929 quod
622 1872 693 1913 vero
725 1852 861 1912 ordinem
894 1853 1079 1930 singulomm
1114 1854 1196 1933 trag·

179 1945 347 2002 mentorum
371 1941 464 2002 alium
486 1959 549 2001 esse
572 1941 605 2001 in
627 1941 728 2002 codice
746 1941 777 2000 H
795 1944 885 2018 atque
904 1942 936 2001 in
953 1941 1077 2018 reliquls
1096 1945 1197 2020 operis

178 2029 245 2114 περὶ
267 2038 371 2111 μηνῶν
393 2030 614 2091 recensionibus
638 2030 890 2106 animadvertisti,
914 2051 930 2090 e
953 2031 1077 2090 consilio
1099 2031 1198 2109 ipsius

122 2137 128 2141 “
178 2120 294 2180 librarii
326 2119 505 2197 explicatur,
538 2120 589 2196 qui
620 2120 653 2178 in
685 2119 803 2197 singula
829 2120 930 2196 capita
957 2116 1024 2201 περὶ
1048 2119 1197 2202 διαφορᾶς

177 2207 339 2286 ἐνιαυτῶν,
361 2206 428 2291 περὶ
448 2207 620 2287 καλανδῶν,
643 2206 710 2288 περὶ
733 2204 843 2288 ἡμέρας
864 2208 1002 2267 distinxit
1023 2210 1196 2270 materiam·

179 2318 237 2376 que
255 2297 417 2358 secundum
435 2298 536 2374 capita
554 2297 599 2357 ita
618 2297 760 2358 distincta
774 2297 905 2376 digessIt
942 2316 1038 2374 neque
1051 2318 1124 2358 vero
1139 2300 1197 2360 dif-

179 2387 256 2447 ficile
276 2389 349 2461 erat,
368 2386 502 2446 ordinem
521 2386 560 2446 ad
578 2386 712 2447 codicum
725 2387 786 2445 XY
803 2386 891 2445 fidem
905 2386 1070 2446 restituere.
1100 2388 1198 2466 ipsius

179 2475 334 2535 Laurentii
364 2494 495 2552 quonam
525 2475 625 2535 codice
654 2493 725 2535 usus
755 2475 795 2534 sit
822 2476 1002 2552 epitomatcr
1029 2475 1140 2537 codicis
1168 2478 1199 2537 Η

179 2583 274 2641 aeque
297 2567 388 2640 atque
409 2564 442 2622 in
464 2564 600 2624 Parisino
624 2564 721 2624 dicere
743 2563 832 2624 hodie
858 2565 921 2623 iam
947 2583 1007 2623 non
1024 2583 1197 2641 possumus,

178 2654 235 2713 boo
263 2654 360 2712 solum
389 2653 551 2728 constabIt‚
580 2653 773 2732 integriorem
801 2672 870 2712 eum
898 2653 990 2722 fuisse
1014 2671 1105 2730 quam
1128 2655 1199 2716 illos

180 2761 255 2819 quos
277 2760 368 2818 supra
391 2743 685 2804 commemoravimus
705 2741 850 2818 excerptis
869 2743 1017 2802 conferma
1036 2746 1067 2802 et
1085 2745 1197 2806 codIcis

178 2831 207 2890 R
229 2831 349 2890 similes.

247 2957 405 3016 Tractatus
442 2958 543 3015 autem
579 2955 661 3015 illius
700 2955 901 3030 astronomici,
940 2975 1028 3032 quem
1064 2959 1199 3017 servavit

180 3045 271 3106 codex
284 3044 323 3119 H,
340 3063 434 3103 unum
450 3045 546 3104 solum
559 3076 602 3085 -
617 3045 697 3121 quod
716 3037 836 3122 quidem
854 3045 972 3104 videam
984 3077 1022 3085 —
1034 3045 1200 3123 vestIglum

180 3137 300 3212 praeter
321 3133 421 3210 ipsum
445 3136 490 3192 est
516 3133 652 3194 relteum:
688 3135 823 3194 tenemus
847 3133 926 3194 enim
948 3133 1057 3194 codicis
1079 3133 1198 3194 Hamil·

256 3412 319 3467 ¹de
336 3409 476 3466 mensium
494 3409 633 3481 catalogis
657 3409 912 3479 aByaautinorum
932 3408 1000 3464 viris
1020 3409 1110 3464 doctis
1131 3427 1199 3466 con-

181 3481 263 3536 fectis
290 3483 356 3538 vide
382 3499 457 3538 nunc
484 3481 515 3536 L.
535 3481 630 3548 Voltz,
661 3481 875 3552 Bemerlxungen
902 3498 937 3534 au
963 3479 1199 3551 byzantinischen

181 3553 388 3622 Monatslistcn,
406 3554 472 3624 Byr.
492 3551 597 3608 Ztschr.
612 3553 665 3607 VII
684 3558 753 3608 1898
771 3570 799 3622 p.
815 3557 866 3606 547
877 3569 937 3621 sqq.
