2524 3984
470 198 677 256 PRAEFATIO
976 199 1081 256 XXVII

75 367 195 444 proxime
218 368 346 443 accedit,
368 367 426 428 nisi
449 369 529 445 quod
552 368 731 445 simpliciore
755 368 847 428 etism
868 368 957 429 modo
981 371 1082 428 ortum

75 476 128 516 esse
150 457 257 533 Splinii
278 476 387 518 nomen
409 457 482 534 ipsis
505 456 654 517 codicibus
677 457 906 517 demonstratur.
944 457 1023 534 quod
1046 460 1081 517 ut

74 547 227 622 probemus,
250 546 289 606 ad
312 548 439 606 alteram
460 545 542 606 illius
560 548 708 606 tractatus
726 545 926 606 recensionem
940 565 959 605 a
971 546 1080 606 Krum·

74 635 187 695 bechero
210 635 396 711 distinctam,
427 653 518 712 quam
540 635 637 695 adhuc
665 635 862 713 negleximus,
892 638 1081 696 transeamus

74 743 177 784 necesse
192 729 251 784 est:
270 724 318 784 cui
337 724 444 785 addere
461 723 548 785 iuvat
565 724 696 784 codicem
708 725 957 784 Monacensem
975 743 1079 802 grae·

74 831 138 872 cum
152 815 215 875 551
236 814 426 874 chartaceum
440 832 462 873 s.
475 812 539 890 XV,
563 833 652 890 quem
669 814 702 872 in
724 832 811 873 usum
833 833 933 873 meum
950 813 1080 891 benigne

73 901 189 978 inspexit
216 903 271 962 Th.
294 902 413 981 Preger.
437 904 541 962 extant
567 902 610 961 ibi
638 921 686 979 ca,
715 902 751 962 de
775 902 883 979 quibus
906 921 1001 962 sermo
1025 906 1080 980 est,

73 991 88 1047 f.
110 993 165 1053 59¹
189 994 220 1050 et
242 991 403 1068 incipiunt:
422 983 564 1052 Ἰωάννου
587 999 640 1052 τοῦ
662 991 779 1052 Λυδοῦ.
817 991 848 1052 οἱ
867 988 923 1069 τὴν
945 989 1079 1070 φυσικὴν

73 1079 193 1160 ἱστορίαν
216 1079 446 1160 συγγράφοντες,
472 1078 582 1158 κόσμος
610 1077 642 1140 δὲ
672 1079 771 1142 αὐτῶν
794 1077 810 1141 ὁ
833 1081 964 1161 ρωμαῖος
986 1079 1080 1159 σπλή-

72 1189 141 1246 νιος,
171 1167 246 1246 φασὶ
278 1167 310 1229 τὸ
338 1165 452 1249 σπέρμα
478 1167 735 1249 καταβαλλόμενον
768 1165 800 1228 ἐν
832 1179 868 1254 τῇ
901 1168 996 1252 μήτρᾳ
1018 1172 1079 1230 κτλ.

72 1258 231 1317 restituitur
259 1257 306 1318 his
332 1257 431 1318 verbis
462 1258 583 1316 initium
612 1257 694 1317 illius
723 1257 903 1318 recensionis
934 1258 973 1318 ad
1001 1258 1081 1318 hunc

75 1344 143 1405 diem
177 1349 350 1424 corruptum
402 1345 512 1426 κόσμος
549 1343 581 1406 δὲ
616 1345 716 1408 αὐτῶν
748 1343 896 1427 ὁρώμενος
927 1345 1006 1425 πλὴν
1038 1343 1079 1419 ὡς

73 1434 263 1496 Krumbacher
284 1457 313 1513 p.
333 1437 422 1513 352,
445 1439 476 1495 et
494 1436 669 1510 ostenditur,
691 1436 723 1494 in
742 1435 820 1512 Lydi
838 1435 987 1496 codicibus
1006 1436 1080 1497 olim

74 1522 155 1584 Plinii
176 1543 286 1585 nomen
307 1524 427 1601 inipso
449 1525 608 1585 verborum
631 1528 771 1585 contextu
794 1525 927 1585 extitisse
951 1529 982 1585 et
1003 1526 1080 1586 vitio

74 1631 152 1688 qnam
180 1615 332 1675 levissimo
360 1609 773 1691 (Pwmaloccnnflnloc
802 1633 857 1690 pro
887 1609 1079 1676 ΡωΜΑΙΟ(

75 1698 253 1782 ΠΛΗΝΙΟΕ)
276 1703 309 1762 in
332 1703 441 1780 Splinii
467 1701 590 1778 abiisse,
625 1702 704 1779 quod
726 1705 832 1779 postea
858 1703 890 1761 in
913 1701 1080 1779 marginem

75 1793 196 1864 pervenit
214 1791 316 1868 ibique
333 1790 366 1850 in
384 1791 476 1852 variis
494 1790 643 1851 codicibus
662 1792 744 1852 varie
763 1791 936 1850 mutilatum
954 1793 1007 1851 est
1041 1810 1076 1851 eo

77 1883 175 1957 antem,
208 1880 287 1957 quod
318 1880 351 1939 in
378 1881 512 1958 margine
539 1880 618 1957 Lydi
649 1881 779 1940 auctoris
809 1899 917 1940 nomen
947 1880 1081 1940 servavit

77 1968 153 2028 codex
174 1968 361 2030 Monacensis
384 1989 507 2048 grneem
532 1971 610 2045 551,
631 1989 704 2045 prae
726 1969 864 2046 reliquis,
892 1969 945 2045 qui
967 1970 1078 2030 omisso

75 2055 119 2116 illo
140 2058 286 2134 Splinium
309 2058 366 2118 sibi
388 2058 546 2135 finxerrmt,
568 2059 719 2136 integrum
742 2077 772 2118 se
796 2077 860 2118 esse
883 2058 1078 2117 demonstrat.

76 2146 115 2203 cui
141 2147 317 2224 expositioni
347 2147 455 2207 addere
483 2148 586 2224 liceat,
615 2147 785 2207 Parisinum
812 2165 952 2225 graecum
981 2149 1078 2223 2610,

76 2253 152 2309 quem
172 2237 261 2296 huius
283 2236 463 2296 recensionis
485 2237 651 2313 principem
669 2255 733 2296 esse
750 2236 847 2297 voluit
865 2235 1078 2311 Krumbacher,

75 2323 193 2384 desinere
220 2326 252 2384 in
278 2325 377 2387 verbis
404 2322 607 2405 ἐπιγινώσκειν
639 2322 749 2406 μητέρα
776 2319 819 2403 (p.
845 2327 896 2402 85,
915 2317 982 2407 22),
1010 2344 1079 2385 cum

76 2429 91 2469 a
117 2413 284 2475 Monacensi
318 2413 438 2493 integra
469 2414 644 2474 exhibeatur
674 2414 880 2493 paragraphus
912 2433 1007 2490 usque
1039 2414 1078 2474 ad

75 2519 98 2574 p.
118 2503 214 2578 86,ss
250 2499 531 2582 ἐτιιμιμνηοιιόμενοι
564 2500 826 2582 (ἐπιμνησιιόμενοι
848 2495 953 2584 Mon).
1000 2521 1078 2579 quae

75 2607 133 2650 cum
152 2593 195 2653 ita
219 2591 287 2668 sint,
310 2592 517 2653 Monacensem
539 2611 593 2669 pro
617 2593 731 2669 optimo
760 2593 805 2652 sni
833 2593 949 2671 generis
978 2591 1078 2651 codice

74 2677 170 2740 habere
192 2681 265 2741 licet
286 2681 421 2758 neglecto
444 2681 589 2742 Parisino.

130 2769 192 2830 lam
213 2789 295 2845 vero,
317 2769 344 2829 si
366 2771 491 2830 alterius
509 2770 599 2830 huius
616 2769 796 2831 recensionis
814 2768 907 2830 verba
925 2787 1078 2845 compara·

77 2875 132 2917 mus
159 2879 225 2919 cum
254 2859 307 2933 iis,
338 2878 414 2935 quae
436 2859 490 2934 IV,
500 2861 541 2919 26
572 2859 757 2918 restituimus
787 2857 970 2935 eLydianis
1000 2857 1079 2919 codi-

76 2944 146 3006 cibus
162 2949 224 3025 XS,
248 2947 353 3008 statim
370 2947 546 3020 videbimus,
564 2948 730 3008 consentire
748 2948 834 3006 illam
853 2966 971 3024 quoque
989 2947 1078 3023 plane

77 3051 133 3093 cum
145 3055 185 3114 eo,
201 3037 253 3114 qui
268 3036 418 3113 quondam
430 3037 542 3115 integri
554 3037 623 3096 libri
637 3037 705 3112 fnit,
723 3039 876 3096 contextu:
895 3037 968 3112 quin
986 3036 1079 3094 etiem

78 3121 108 3180 ab
119 3125 170 3185 hac
185 3126 350 3186 orationem
365 3145 457 3203 quam
466 3130 576 3187 vocant
588 3126 765 3186 indirectum
779 3127 929 3185 servatam
941 3123 1077 3184 videmus

78 3229 129 3272 esse
149 3218 182 3274 nt
202 3215 290 3276 initio
309 3215 501 3294 paragraphi,
524 3236 552 3292 p.
569 3216 761 3290 sara—18
782 3218 812 3274 et
829 3234 857 3290 p.
874 3215 926 3288 85,
938 3214 1079 3287 18-22,

76 3299 119 3360 ubi
139 3305 359 3364 enuntiatorum
380 3324 489 3364 nexum
513 3305 645 3365 mutavit
669 3304 801 3364 recensio
828 3303 931 3363 altera.
975 3305 1077 3360 tamen

76 3388 108 3447 ab
132 3391 200 3468 ipsis
230 3391 387 3453 Laurentii
415 3393 527 3468 verbis,
562 3393 664 3470 qualia
693 3393 834 3453 restituta
863 3394 948 3466 sunt,
981 3391 1079 3450 tribus

76 3477 138 3558 locis
164 3483 218 3543 hoc
248 3482 383 3543 codicum
410 3501 503 3562 genus
530 3482 693 3559 discrepat:
721 3483 952 3542 commemorato
978 3479 1078 3539 Plinio

80 3571 186 3646 etpost
207 3592 235 3648 p.
261 3572 342 3647 85st
367 3567 475 3653 άρρενα
498 3570 607 3631 additis
630 3571 690 3632 his:
720 3568 769 3630 acl
796 3568 866 3648 τάχα
888 3567 963 3649 πρὸς
984 3566 1079 3650 βραχὺ
