2530 3988
200 189 336 244 FRAGM.
356 189 472 244 LIBRIS
491 189 540 244 DE
559 189 668 244 MENS.
687 188 802 244 FALSO
820 189 981 244 TRIBUTA
1033 189 1096 254 183

75 357 123 420 τά
150 353 183 433 ἐξ
210 353 402 440 ὑπερτέρων
429 356 630 438 φαινόμενα,
662 345 737 419 οἷον
764 352 881 437 έκεῖνο,
910 352 927 418 ὃ
958 351 1012 418 ἐπὶ
1039 362 1137 437 τήςΧ

75 461 184 545 αὐτῆς
207 460 341 546 φέρεται
360 469 503 546 γραφῆς·
526 459 593 526 <καὶ
612 459 723 546 ἔβρεξε
741 460 857 544 κύριος
874 460 937 543 τήν
954 461 1097 544 χάλαζαν

75 566 136 633 ἐπὶ
158 577 270 633 πᾶσαν
291 568 353 651 τήν
375 576 439 651 γῆν
458 569 646 651 Αἰγύπτου·
669 562 712 651 ἦν
731 568 772 650 δή
790 566 810 650 ἡ
830 568 962 652 χάλαζα,
984 564 1096 631 καὶτὸ

73 685 148 760 πῦρ
168 678 333 759 φλογίζον
356 674 393 740 έν
415 685 454 761 τῇ
477 675 620 760 χαλάζηῖ
665 673 720 739 καὶ
742 675 858 740 πάλιν·
886 671 1042 752 ’ἐξέτεινε
1060 670 1097 738 δὲ

74 786 231 866 Μωυσής
252 782 314 865 τήν
336 792 430 867 χεῖρα
453 780 558 846 αὐτοῦ
577 778 630 846 ἐπὶ
648 781 709 845 τὸν
727 780 875 865 οὐρανὸν
892 778 948 845 καὶ
966 778 1096 863 ἐγένετο
1124 805 1138 846 ο

74 891 214 972 σκότος,
247 890 373 972 γνόφος
399 886 454 952 καὶ
481 888 611 954 θύελλα
639 885 692 952 ἐπὶ
719 896 830 952 πᾶσαν
857 889 919 971 τήν
945 896 1009 971 γῆν
1037 889 1097 952 Αί-

73 995 231 1078 γύπτου.’
282 1004 433 1071 τοιοῦτος
461 998 580 1059 τοίνυν
605 994 772 1079 Ἑβραίοις
798 994 816 1060 6
845 992 922 1081 περὶ
953 999 1098 1079 σημείων

74 1105 194 1185 λόγος,
224 1100 256 1180 ἐξ
280 1096 329 1166 ὧν
356 1096 447 1186 οἶμαι
475 1099 530 1165 καὶ
555 1102 659 1166 τάλλα
680 1107 749 1165 τῶν
772 1100 884 1166 ἐθνῶν
907 1103 1097 1185 διοσημείας

73 1219 184 1274 ταῦτα
206 1213 321 1274 καλεῖν
343 1211 428 1291 ἔγνω
452 1209 492 1274 τά
520 1210 660 1292 σήματα·
689 1209 774 1284 Ζεὺς
796 1209 860 1292 γάρ
885 1207 914 1272 6‘
930 1207 993 1294 ἀήρ
1015 1210 1097 1273 κατά

73 1318 159 1392 τοὺς
183 1317 347 1399 φυσικοὺς
370 1313 513 1398 λέγεται,
537 1315 588 1380 ότι
612 1316 771 1394 ζωοποιός
795 1313 895 1396 ἐστιν,
920 1316 1003 1380 ὥστε
1027 1316 1096 1379 διο-
1112 1341 1137 1380 ιο

74 1425 199 1507 σημεία
221 1423 259 1486 τὸ
283 1430 342 1487 τοῦ
366 1420 463 1506 ἀέρος
487 1431 633 1506 σημεῖον,
657 1422 767 1506 ὥσπερ
791 1421 907 1486 εόδιον
929 1421 966 1485 τὸ
989 1431 1097 1507 πράου

74 1528 134 1595 καὶ
159 1528 308 1612 γαληνὸν
334 1537 395 1593 τοῦ
423 1527 520 1614 ἀέρος
546 1533 692 1594 καλεῖται
722 1537 837 1612 σχῆμα.
883 1527 924 1592 οὐ
949 1528 1011 1613 χρὴ
1035 1523 1098 1594 οὖν

73 1637 164 1722 πρὸς
195 1637 236 1699 τά
268 1635 413 1720 ὀνόματα
446 1634 710 1720 ταραττομένους
740 1636 820 1710 τοὺς
852 1633 1097 1720 ἁπλουστέρους

75 1742 258 1825 ἀποπηδᾶν
277 1750 337 1806 τοῦ
355 1749 491 1826 μαθεῖν·
515 1742 623 1806 ’δώσω
643 1742 718 1827 γάρ,
742 1758 835 1825 φησι,
860 1751 978 1825 σημεῖα
996 1739 1033 1806 έν
1051 1749 1097 1828 τῷ

75 1850 216 1935 οὐρανῷ
239 1849 320 1932 ἀνω,
347 1847 403 1913 καὶ
425 1847 543 1935 τέρατα
567 1846 619 1913 ἐπὶ
643 1857 700 1931 τῆς
724 1857 784 1931 γῆς
806 1848 908 1931 κάτω,
937 1839 1018 1932 αἷμα
1040 1845 1095 1912 καὶ
1110 1873 1136 1916 15

75 1965 148 2040 πῦρ
172 1953 227 2020 καὶ
250 1955 372 2039 ἀτμίδα
393 1964 536 2020 καπνοῦ·
565 1954 583 2020 6
607 1956 700 2038 ήλιος
722 1957 1026 2041 μεταστραφήσεται
1051 1956 1098 2031 εἰς

77 2065 209 2145 σκότος,
232 2073 288 2127 καῖ
310 2061 330 2144 ἡ
354 2064 474 2145 σελήνη
498 2063 546 2138 είς
569 2053 670 2145 αἷμα’.

25 2175 105 2232 RrIV
114 2184 150 2234 98
175 2169 195 2232 3
215 2176 296 2244 (177).
321 2168 483 2252 Σαβαιόθ,
501 2176 562 2232 τοῦ
581 2170 802 2254 δημιουργοῦ·
821 2167 907 2233 οὕτω
927 2170 1097 2254 γὰρπαρὰ

79 2278 254 2342 Φοινίκων
277 2275 295 2340 6
319 2276 556 2360 δημιουργικὸς
579 2274 723 2360 ἀριθμὸς
746 2274 947 2359 ὀνομάζεται.

27 2389 104 2448 11153
149 2381 278 2458 4078).
305 2384 437 2468 Βρουτή
467 2385 594 2466 γίνεται
625 2382 816 2467 είληῦέυτος
846 2384 1033 2468 πνεύματος
1062 2382 1137 2449 ένΑ

78 2489 178 2574 νέφει
200 2499 298 2574 παχεῖ
324 2513 359 2553 τε
386 2488 441 2554 καὶ
469 2487 652 2576 νοτιωτέρφ
675 2488 731 2554 καὶ
755 2488 957 2568 ε’ξωσῦέντος
980 2494 1096 2575 βιαίως
1111 2516 1137 2555 21

80 2594 124 2660 δι’
155 2595 273 2679 αὐτοῦ,
307 2596 389 2661 ὅθεν
422 2596 583 2681 ῥήγνυται
614 2598 655 2661 τά
686 2606 806 2681 συνεχῆ
839 2599 1006 2682 πιλήματα
1036 2608 1097 2664 τοῦ

80 2702 221 2786 νέφους,
253 2699 309 2766 καὶ
338 2705 466 2788 βρόμον
493 2705 599 2786 ήγουν
625 2697 708 2786 ἦχον
734 2701 789 2767 καλ
817 2705 967 2788 πάταγον
993 2704 1098 2789 μέγαν

154 2912 178 2948 v.
194 2900 209 2946 2
228 2893 342 2948 Exodus
361 2911 384 2949 ο.
399 2895 445 2964 IX,
461 2901 503 2952 23.
518 2901 553 2949 24
639 2900 656 2948 4
674 2893 744 2949 ibid.
764 2912 787 2949 ο,
802 2895 835 2962 Χ,
850 2901 884 2948 22
972 2901 1006 2948 14
1024 2895 1097 2950 Acta

79 2965 209 3034 Apostol.
227 2965 262 3033 Π,
277 2971 319 3021 19.
334 2971 369 3019 20
388 2982 422 3019 ex
439 2966 497 3020 1061
515 2967 549 3035 ΙΙ,
564 2972 607 3020 30.
622 2972 654 3020 31
1010 2991 1012 2996 ’

153 3161 177 3196 v.
195 3149 208 3196 1
228 3143 260 3198 τὸ
280 3144 318 3212 Χ,
343 3141 358 3198 ὃ
377 3142 476 3213 scripsi
548 3150 564 3196 2
584 3152 695 3214 γραφῆς
713 3143 791 3198 omis.
812 3145 840 3197 B
912 3150 928 3197 3
947 3143 998 3213 τήν
1017 3143 1097 3198 omis.

81 3214 109 3265 A
182 3220 198 3267 6
217 3212 315 3278 σκότος
332 3212 430 3277 σκότος
443 3216 491 3269 καλ
504 3213 609 3269 θυέλλοι
622 3217 659 3282 A,
678 3214 775 3278 σκότος
793 3216 841 3268 καὶ
859 3212 964 3269 θυέλλοι
978 3216 1015 3283 Β,
1034 3214 1097 3268 σκό-

81 3303 129 3346 τος
145 3283 253 3374 γνόφος
271 3288 319 3340 κοιλ
332 3284 437 3340 θυέλλα
451 3286 526 3339 LXX
542 3289 546 3356 l
562 3286 614 3356 τήν
633 3286 711 3342 omis,
726 3287 754 3340 A
819 3292 850 3339 11
871 3287 892 3340 ὡ
906 3304 958 3353 περ
972 3287 1009 3354 A,
1029 3283 1097 3353 ὅπερ

85 3354 119 3424 Β,
138 3374 228 3424 ωσπερ
248 3357 300 3412 Sch
380 3363 413 3410 13
431 3359 498 3419 τοὺς
518 3355 721 3426 ἁπλουστέρους
740 3357 818 3412 omis.
837 3359 865 3411 Β
946 3363 979 3410 14
998 3365 1097 3426 σημεῖα

83 3425 121 3493 Χ,
140 3425 242 3495 τέρατα
260 3430 295 3483 Ν
299 3430 325 3482 Τ
344 3430 348 3499 Ι
370 3426 472 3497 τέρατα
491 3429 529 3497 Χ,
549 3438 647 3499 σημεῖα
666 3430 730 3484 ΝΤ
749 3449 753 3458 ’
817 3435 832 3495 5
854 3433 903 3482 178
922 3427 1036 3481 initium
1054 3430 1098 3481 est

82 3496 242 3622 φοὲλφεέελ,
260 3499 366 3569 legitur
384 3502 479 3554 autem
498 3502 564 3553 ante
582 3499 698 3554 titulum
717 3500 747 3554 ἐκ
766 3509 821 3556 τῶν
840 3498 963 3555 ίωάννον
980 3507 1030 3553 τοῦ
1050 3519 1097 3568 φι-

99 3588 116 3620 α
136 3588 148 3622 ε
165 3590 185 3639 φ
201 3591 245 3633 ως.
