2556 3996
187 189 230 252 12
563 189 673 244 LIBER
689 187 826 243 PRIMUS

132 353 289 435 Χὸτάνης
315 351 336 436 ἣ
359 355 449 438 παρὰ
470 363 541 430 τοῖς
572 357 710 428 πολλοῖς
742 351 922 416 λουλάκιον
954 349 1093 434 λέγεται,
1126 350 1205 433 ἥτις

146 470 172 524 Χ
187 457 278 523 ἐστὶν
296 457 422 546 Ἄρεος.
470 455 540 524 εἶτα
562 461 788 545 προεστήσατο
811 459 871 524 τὸν
897 465 956 540 τῆς
977 459 1105 533 πόλεως
1126 457 1195 541 φύ-

186 571 285 649 λακα,
314 565 466 652 ύπαρχον
497 562 534 631 δὲ
562 564 666 630 αὐτὸν
692 574 758 630 νῦν
786 564 1080 650 προσαγορεύομεν
1107 563 1126 647 ἢ
1155 564 1205 639 ὥς

185 695 274 750 τινες
304 676 489 757 πολίαρχον
525 671 545 756 ἤ
583 671 780 755 ἀστυδίκην,
816 669 857 736 δν
893 671 995 736 πάλαι
1031 674 1205 757 πραίτωρα

159 778 356 864 ιούρβανὸν
379 782 509 862 ἔλεγον,
536 779 573 856 ὃς
595 777 651 843 καλ
673 777 857 864 πρωτεύειν
883 786 942 862 τῆς
960 776 1126 862 Ῥωμαίων
1147 801 1205 860 με·

187 889 324 971 ρονσίας
347 887 513 969 φαίνεται·
541 882 596 949 καὶ
624 893 723 950 τοῦτο
751 885 856 967 δῆλον
884 881 1009 950 ἐκτῶν
1032 883 1205 968 ὑποδημά-

186 1015 253 1056 των
285 991 406 1074 αὐτοῦ,
444 988 481 1055 ἐν
513 981 564 1067 οἷς
597 993 790 1074 σεληνίσκος
821 1014 873 1066 τις
905 989 1122 1056 ἐκτετύπωται
1154 992 1206 1066 είς

185 1098 293 1164 τύπον
319 1105 380 1162 τοῦ
404 1100 505 1182 σίγμα
532 1101 713 1181 στοιχείου,
745 1096 788 1163 δι’
813 1092 853 1162 οὗ
881 1098 941 1162 τὸν
965 1095 1084 1164 ἑκατὸν
1105 1097 1205 1182 άρνθ-

185 1205 250 1288 μὸν
274 1204 306 1268 ολ
325 1203 477 1288 Ῥωμαῖοι
500 1214 715 1288 σημειοῦνται
739 1241 781 1250 -
805 1202 875 1268 ἐστὶ
902 1205 966 1290 γάρ
990 1202 1066 1290 παρ’
1090 1203 1205 1279 αὐτοῖς

148 1334 174 1374 ιο
187 1311 224 1375 τὸ
248 1312 429 1395 λεγόμενον
451 1312 564 1378 κάππα
591 1313 712 1396 μικρόν
737 1349 778 1358 -
802 1311 847 1386 ὡς
874 1311 979 1394 δῆλον
1006 1306 1093 1376 εἶναι
1115 1322 1205 1395 πρῶ-

185 1440 246 1482 τον
273 1415 378 1500 αὐτὴν
501 1415 618 1482 ἑκατὸν
642 1417 864 1503 εὐπατριδῶν·
896 1417 1078 1493 τοσούτους
1099 1419 1164 1503 γάρ
1184 1417 1202 1482 ὁ

185 1523 343 1608 Ρωμύλος
366 1520 541 1602 ἐξελέξατο.

133 1643 184 1697 XS
239 1630 291 1694 22.
298 1628 369 1695 Ὅτι
385 1633 507 1716 ἔφορον
521 1631 553 1694 ολ
563 1627 741 1714 στρατηγοὶ
756 1627 891 1694 ἐπὶτῶν
904 1627 1059 1714 πολέμων
1068 1630 1153 1705 Διὸς
1162 1639 1255 1706 ΗιΙμο

184 1736 240 1804 καὶ
263 1736 382 1802 Ἡλίου
409 1735 465 1802 καὶ
493 1739 660 1821 Σελήνης,
688 1735 812 1820 Ἑρμοῦ
839 1759 875 1801 τε
901 1735 956 1801 καλ
977 1735 1095 1822 ’Ἀρεος
1123 1736 1204 1821 σύμ-

144 1867 170 1908 15
185 1847 282 1928 βολα·
306 1843 362 1909 καὶ
384 1845 469 1921 Διὸς
491 1840 554 1927 μὲν
572 1842 681 1926 άετόν,
700 1842 820 1908 Ἡλίου
843 1839 880 1907 δὲ
899 1841 1028 1926 λεόντα,
1052 1845 1204 1926 Σελήνης

186 1947 223 2015 δὲ
246 1954 346 2035 βοῦν,
370 1949 487 2037 ’Ἀρεος
515 1946 552 2014 δὲ
575 1950 695 2032 λύκον,
723 1948 847 2035 Ἑρμοῦ
876 1946 914 2014 δὲ
938 1950 1117 2036 δράκοντα·
1149 1947 1203 2015 καὶ

184 2059 249 2144 γάρ
276 2056 438 2142 κηρύκιον
465 2057 508 2121 ἄν
535 2080 585 2132 τις
614 2055 748 2121 καλέσοι
780 2056 842 2139 τὴν
872 2054 907 2121 ἐκ
937 2057 1120 2142 δράκοντος
1147 2073 1203 2140 ση-

185 2168 295 2250 μαίαν.

145 2285 169 2337 X
252 2273 304 2336 23.
316 2267 517 2357 Πριβιλέγια
527 2271 625 2352 νόμοι
639 2265 728 2345 τινὲς
743 2266 903 2334 ἰδιωτικοὶ
919 2266 991 2335 ἀλλ’
1011 2268 1052 2334 ού
1066 2273 1203 2352 νενικοί.
1216 2286 1240 2333 21

145 2403 171 2442 ιο
253 2377 304 2442 24.
333 2375 479 2442 Δεκανολ
503 2378 536 2442 ολ
559 2375 742 2461 ῥαβδοῦχοι
765 2377 847 2440 κατά
866 2375 1053 2460 Ῥωμαίους.
1217 2392 1243 2438 22
1268 2409 1269 2422 ι

252 2483 304 2548 25.
327 2482 489 2568 Ἀπῆ<δε>
512 2485 550 2548 τὸ
572 2485 740 2568 πρόσελθε
765 2485 926 2567 σημαίνει.
1216 2499 1241 2546 23
1268 2519 1269 2572 3

147 2602 164 2656 S
251 2591 304 2656 26.
314 2588 386 2656 Ὅτι
399 2601 530 2676 πρῶτος
544 2589 562 2655 ὁ
577 2590 821 2673 Διοκλητιανὸς
835 2591 916 2673 μετὰ
925 2589 1136 2674 Δομετιανὸν
1143 2599 1252 2654 ᾱεωῒΒι

186 2698 347 2782 δεσπότης
378 2695 433 2762 καὶ
465 2699 622 2782 βασιλεὺς
650 2695 818 2782 Ῥωμαίων
855 2695 1054 2780 ὠνομάσθη,
1092 2699 1204 2772 λάθοις
1268 2691 1269 2696 ’

186 2801 261 2868 ἀντὶ
288 2804 418 2887 δάφνης
445 2805 507 2887 τὴν
534 2805 683 2889 κεφαλὴν
710 2802 766 2868 καλ
792 2804 871 2879 τοὺς
898 2804 1003 2879 πόδας
1031 2803 1203 2887 ψηφάισας,

146 2935 171 2975 ιι
186 2911 231 2986 ὥς
254 2925 358 2993 φησιν
382 2909 579 2995 Εὐτρόπιος.

255 3049 280 3084 v.
296 3035 330 3084 25
349 3029 501 3100 Eutropius
520 3031 567 3100 IX,
582 3036 616 3084 26

256 3157 281 3192 v.
298 3144 311 3192 1
332 3138 381 3192 καλ
399 3146 448 3208 τῆς
465 3136 615 3208 λεγομένης
633 3133 757 3198 ίσατίδος
770 3137 897 3206 βροντῆς,
915 3133 976 3206 ἥτις
990 3135 1064 3191 ἐστὶν
1079 3135 1161 3204 ἄρεος
1176 3139 1206 3192 Χ

186 3207 229 3264 ότι
247 3208 337 3272 ίσάτις
355 3208 460 3281 βοτάνη
480 3208 564 3277 ἐστίν,
581 3207 599 3277 ἣ
618 3207 696 3277 παρὰ
715 3216 774 3269 τοῖς
791 3210 903 3270 πολλοῖς
922 3206 1071 3262 λουλάκιον
1089 3205 1205 3278 λέγεται,

186 3278 308 3336 κλίνεται
327 3278 358 3334 δὲ
377 3279 542 3343 ίσατίδοςδ
620 3276 795 3348 4πραίτορα
813 3279 841 3333 Β
928 3284 1012 3333 8τοῦ
1032 3275 1058 3332 σί
1077 3281 1129 3351 μα]
1148 3279 1204 3351 σύμ

186 3353 312 3420 ματοςΑ
389 3347 452 3406 9ελ
466 3348 585 3422 ρωμαῑοι
598 3352 626 3405 A
688 3357 720 3404 11
741 3349 928 3420 supplendum
945 3349 1019 3405 ίοτῒε
1037 3370 1053 3404 τ
1072 3371 1090 3406 ν
1127 3369 1204 3419 ερον-

186 3421 251 3478 οίαν
315 3429 347 3476 12
358 3420 503 3488 ἐπελέξατο
513 3424 541 3477 A
604 3429 619 3488 ξ
632 3428 666 3475 22
677 3423 739 3484 διὸς
752 3421 890 3492 σύμβολον
899 3418 988 3489 ἀετός,
997 3419 1078 3491 ἡλίου
1088 3371 1204 3490 λύοντες,

186 3493 270 3620 ἓρερς
282 3493 372 3618 lgm,
387 3493 472 3564 ἑρμοῦ
487 3493 640 3562 δράκοντες
652 3495 684 3547 X
746 3499 778 3547 19
793 3490 959 3564 πριβηλέγια
968 3494 996 3546 A
1064 3499 1099 3546 22
1109 3492 1164 3564 ἇκη
1175 3495 1206 3548 Χ

206 3583 274 3635 κηε
320 3581 395 3618 amus
