<?xml version="1.0" encoding="UTF-8"?>
<!DOCTYPE html PUBLIC "-//W3C//DTD XHTML 1.0 Transitional//EN"
    "http://www.w3.org/TR/xhtml1/DTD/xhtml1-transitional.dtd">
<html xmlns="http://www.w3.org/1999/xhtml" xml:lang="en" lang="en">
 <head>
  <title>
</title>
<meta http-equiv="Content-Type" content="text/html;charset=utf-8" />
  <meta name='ocr-system' content='tesseract 3.04.00' />
  <meta name='ocr-capabilities' content='ocr_page ocr_carea ocr_par ocr_line ocrx_word'/>
</head>
<body>
  <div class='ocr_page' id='page_1' title='image "./ioannislaurenti01wuengoog_0078.png"; bbox 0 0 2524 3984; ppageno 0'>
   <div class='ocr_carea' id='block_1_1' title="bbox 470 189 1081 248">
    <p class='ocr_par' dir='ltr' id='par_1_1' title="bbox 470 189 1081 248">
     <span class='ocr_line' id='line_1_1' title="bbox 470 189 1081 248; baseline 0.003 -3"><span class='ocrx_word' id='word_1_1' title='bbox 470 189 676 246; x_wconf 79' lang='lat' dir='ltr'>PRAEFATIO</span> <span class='ocrx_word' id='word_1_2' title='bbox 993 193 1081 248; x_wconf 87' lang='lat' dir='ltr'>LXXI</span> 
     </span>
    </p>
   </div>
   <div class='ocr_carea' id='block_1_2' title="bbox 73 358 1239 3633">
    <p class='ocr_par' dir='ltr' id='par_1_2' title="bbox 73 358 1239 1948">
     <span class='ocr_line' id='line_1_2' title="bbox 75 358 1079 440; baseline 0.003 -22"><span class='ocrx_word' id='word_1_3' title='bbox 75 378 135 418; x_wconf 90' lang='lat' dir='ltr'><strong>sum</strong></span> <span class='ocrx_word' id='word_1_4' title='bbox 155 359 185 418; x_wconf 91' lang='lat' dir='ltr'><strong>in</strong></span> <span class='ocrx_word' id='word_1_5' title='bbox 207 359 337 420; x_wconf 78' lang='lat' dir='ltr'><strong>editione</strong></span> <span class='ocrx_word' id='word_1_6' title='bbox 360 360 464 420; x_wconf 88' lang='lat' dir='ltr'><strong>notam</strong></span> <span class='ocrx_word' id='word_1_7' title='bbox 485 358 541 418; x_wconf 76' lang='lat' dir='ltr'><strong>Scis</strong></span> <span class='ocrx_word' id='word_1_8' title='bbox 564 359 666 418; x_wconf 91' lang='lat' dir='ltr'><strong>adieci.</strong></span> <span class='ocrx_word' id='word_1_9' title='bbox 703 359 764 418; x_wconf 90' lang='lat' dir='ltr'><strong>tale</strong></span> <span class='ocrx_word' id='word_1_10' title='bbox 787 359 883 440; x_wconf 78' lang='lat' dir='ltr'><strong>igitur</strong></span> <span class='ocrx_word' id='word_1_11' title='bbox 905 363 979 435; x_wconf 89' lang='lat' dir='ltr'><strong>erat,</strong></span> <span class='ocrx_word' id='word_1_12' title='bbox 1003 381 1079 438; x_wconf 88' lang='lat' dir='ltr'><strong>quae</strong></span> 
     </span>
     <span class='ocr_line' id='line_1_3' title="bbox 75 447 1080 526; baseline 0.004 -20"><span class='ocrx_word' id='word_1_13' title='bbox 75 467 146 508; x_wconf 88' lang='lat' dir='ltr'><strong>anno</strong></span> <span class='ocrx_word' id='word_1_14' title='bbox 178 450 261 508; x_wconf 82' lang='lat'>1794</span> <span class='ocrx_word' id='word_1_15' title='bbox 294 447 414 524; x_wconf 83' lang='lat' dir='ltr'><strong>Lipsiae</strong></span> <span class='ocrx_word' id='word_1_16' title='bbox 447 467 463 506; x_wconf 90' lang='lat' dir='ltr'><strong>e</strong></span> <span class='ocrx_word' id='word_1_17' title='bbox 499 447 623 507; x_wconf 90' lang='lat' dir='ltr'><strong>libraria</strong></span> <span class='ocrx_word' id='word_1_18' title='bbox 655 447 904 508; x_wconf 88' lang='lat' dir='ltr'><strong>Weidmanniana</strong></span> <span class='ocrx_word' id='word_1_19' title='bbox 935 451 1080 526; x_wconf 88' lang='lat' dir='ltr'><strong>processit</strong></span> 
     </span>
     <span class='ocr_line' id='line_1_4' title="bbox 76 531 1079 613; baseline 0.004 -19"><span class='ocrx_word' id='word_1_20' title='bbox 76 531 195 596; x_wconf 80' lang='lat' dir='ltr'><strong>‘loannis</strong></span> <span class='ocrx_word' id='word_1_21' title='bbox 228 536 384 596; x_wconf 88' lang='lat' dir='ltr'><strong>Laurentii</strong></span> <span class='ocrx_word' id='word_1_22' title='bbox 413 535 682 612; x_wconf 89' lang='lat' dir='ltr'><strong>Philadelphiensis</strong></span> <span class='ocrx_word' id='word_1_23' title='bbox 716 536 794 612; x_wconf 84' lang='lat' dir='ltr'>Lydi</span> <span class='ocrx_word' id='word_1_24' title='bbox 831 538 1006 613; x_wconf 89' lang='lat' dir='ltr'><strong>opusculum</strong></span> <span class='ocrx_word' id='word_1_25' title='bbox 1043 541 1079 598; x_wconf 92' lang='lat' dir='ltr'><strong>de</strong></span> 
     </span>
     <span class='ocr_line' id='line_1_5' title="bbox 75 624 1079 702; baseline 0.002 -18"><span class='ocrx_word' id='word_1_26' title='bbox 75 626 220 702; x_wconf 90' lang='lat' dir='ltr'><strong>mensibus,</strong></span> <span class='ocrx_word' id='word_1_27' title='bbox 239 645 276 685; x_wconf 80' lang='lat' dir='ltr'><strong>ex</strong></span> <span class='ocrx_word' id='word_1_28' title='bbox 289 624 438 686; x_wconf 80' lang='lat' dir='ltr'>codicibus</span> <span class='ocrx_word' id='word_1_29' title='bbox 455 625 664 702; x_wconf 72' lang='lat' dir='ltr'><strong>manuscriptis</strong></span> <span class='ocrx_word' id='word_1_30' title='bbox 678 625 883 686; x_wconf 76' lang='lat' dir='ltr'><strong>Bibliothecae</strong></span> <span class='ocrx_word' id='word_1_31' title='bbox 896 626 1079 686; x_wconf 86' lang='lat' dir='ltr'><strong>Barberinae</strong></span> 
     </span>
     <span class='ocr_line' id='line_1_6' title="bbox 73 714 1078 792; baseline 0.004 -20"><span class='ocrx_word' id='word_1_32' title='bbox 73 717 100 772; x_wconf 86' lang='lat' dir='ltr'><strong>et</strong></span> <span class='ocrx_word' id='word_1_33' title='bbox 120 715 282 774; x_wconf 86' lang='lat' dir='ltr'><strong>Vaticanae</strong></span> <span class='ocrx_word' id='word_1_34' title='bbox 311 718 341 774; x_wconf 89' lang='lat' dir='ltr'><strong>et</strong></span> <span class='ocrx_word' id='word_1_35' title='bbox 363 715 565 792; x_wconf 76' lang='lat' dir='ltr'><strong>fragmentum</strong></span> <span class='ocrx_word' id='word_1_36' title='bbox 587 714 623 774; x_wconf 94' lang='lat' dir='ltr'><strong>de</strong></span> <span class='ocrx_word' id='word_1_37' title='bbox 645 718 744 774; x_wconf 89' lang='lat' dir='ltr'><strong>terrae</strong></span> <span class='ocrx_word' id='word_1_38' title='bbox 767 715 896 774; x_wconf 89' lang='lat' dir='ltr'><strong>motibus</strong></span> <span class='ocrx_word' id='word_1_39' title='bbox 920 735 956 774; x_wconf 85' lang='lat' dir='ltr'><strong>ex</strong></span> <span class='ocrx_word' id='word_1_40' title='bbox 979 716 1078 776; x_wconf 86' lang='lat' dir='ltr'><strong>codice</strong></span> 
     </span>
     <span class='ocr_line' id='line_1_7' title="bbox 73 798 1079 882; baseline 0.002 -21"><span class='ocrx_word' id='word_1_41' title='bbox 73 803 266 863; x_wconf 77' lang='lat' dir='ltr'><strong>Bibliothecae</strong></span> <span class='ocrx_word' id='word_1_42' title='bbox 285 803 447 880; x_wconf 84' lang='lat' dir='ltr'><strong>Angelicae</strong></span> <span class='ocrx_word' id='word_1_43' title='bbox 465 798 639 879; x_wconf 85' lang='lat' dir='ltr'><strong>Romanae&#39;,</strong></span> <span class='ocrx_word' id='word_1_44' title='bbox 663 823 739 879; x_wconf 89' lang='lat' dir='ltr'><strong>quae</strong></span> <span class='ocrx_word' id='word_1_45' title='bbox 763 798 880 882; x_wconf 58' lang='lat' dir='ltr'><strong>‘mucce</strong></span> <span class='ocrx_word' id='word_1_46' title='bbox 902 804 1004 878; x_wconf 85' lang='lat' dir='ltr'><strong>edidit,</strong></span> <span class='ocrx_word' id='word_1_47' title='bbox 1027 824 1079 864; x_wconf 86' lang='lat' dir='ltr'><strong>va·</strong></span> 
     </span>
     <span class='ocr_line' id='line_1_8' title="bbox 73 889 1079 970; baseline 0.003 -20"><span class='ocrx_word' id='word_1_48' title='bbox 73 893 201 952; x_wconf 87' lang='lat' dir='ltr'><strong>rietatem</strong></span> <span class='ocrx_word' id='word_1_49' title='bbox 228 892 365 954; x_wconf 87' lang='lat' dir='ltr'><strong>lectionis</strong></span> <span class='ocrx_word' id='word_1_50' title='bbox 392 895 423 952; x_wconf 90' lang='lat' dir='ltr'><strong>et</strong></span> <span class='ocrx_word' id='word_1_51' title='bbox 450 896 626 970; x_wconf 80' lang='lat' dir='ltr'><strong>argumenta</strong></span> <span class='ocrx_word' id='word_1_52' title='bbox 654 892 763 952; x_wconf 89' lang='lat' dir='ltr'><strong>adiecit</strong></span> <span class='ocrx_word' id='word_1_53' title='bbox 785 892 928 953; x_wconf 86' lang='lat' dir='ltr'><strong>Nicolaus</strong></span> <span class='ocrx_word' id='word_1_54' title='bbox 952 889 1079 953; x_wconf 58' lang='lat' dir='ltr'><strong>Schowf</strong></span> 
     </span>
     <span class='ocr_line' id='line_1_9' title="bbox 73 980 1239 1057; baseline 0.002 -17"><span class='ocrx_word' id='word_1_55' title='bbox 73 985 133 1055; x_wconf 87' lang='lat' dir='ltr'><strong>post</strong></span> <span class='ocrx_word' id='word_1_56' title='bbox 153 982 239 1040; x_wconf 90' lang='lat' dir='ltr'><strong>illum</strong></span> <span class='ocrx_word' id='word_1_57' title='bbox 262 982 363 1041; x_wconf 87' lang='lat' dir='ltr'><strong>autem</strong></span> <span class='ocrx_word' id='word_1_58' title='bbox 386 980 497 1057; x_wconf 90' lang='lat' dir='ltr'><strong>optime</strong></span> <span class='ocrx_word' id='word_1_59' title='bbox 521 981 557 1040; x_wconf 90' lang='lat' dir='ltr'><strong>de</strong></span> <span class='ocrx_word' id='word_1_60' title='bbox 580 980 666 1056; x_wconf 81' lang='lat' dir='ltr'><strong>Lydo</strong></span> <span class='ocrx_word' id='word_1_61' title='bbox 688 981 812 1041; x_wconf 89' lang='lat' dir='ltr'><strong>meritus</strong></span> <span class='ocrx_word' id='word_1_62' title='bbox 836 985 881 1042; x_wconf 91' lang='lat' dir='ltr'><strong>est</strong></span> <span class='ocrx_word' id='word_1_63' title='bbox 904 981 935 1041; x_wconf 77' lang='lat'><strong>0.</strong></span> <span class='ocrx_word' id='word_1_64' title='bbox 953 983 988 1041; x_wconf 93' lang='lat' dir='ltr'><strong>B.</strong></span> <span class='ocrx_word' id='word_1_65' title='bbox 1007 983 1076 1042; x_wconf 89' lang='lat' dir='ltr'><strong>Ha·</strong></span> <span class='ocrx_word' id='word_1_66' title='bbox 1090 994 1239 1035; x_wconf 56' lang='lat' dir='ltr'><strong>&amp;annius</strong></span> 
     </span>
     <span class='ocr_line' id='line_1_10' title="bbox 75 1069 1080 1148; baseline 0.003 -20"><span class='ocrx_word' id='word_1_67' title='bbox 75 1070 152 1144; x_wconf 87' lang='lat' dir='ltr'><strong>sius,</strong></span> <span class='ocrx_word' id='word_1_68' title='bbox 171 1072 232 1147; x_wconf 91' lang='lat' dir='ltr'><strong>qui,</strong></span> <span class='ocrx_word' id='word_1_69' title='bbox 251 1089 320 1130; x_wconf 89' lang='lat' dir='ltr'><strong>oum</strong></span> <span class='ocrx_word' id='word_1_70' title='bbox 336 1088 416 1130; x_wconf 87' lang='lat' dir='ltr'><strong>anno</strong></span> <span class='ocrx_word' id='word_1_71' title='bbox 437 1071 521 1129; x_wconf 83' lang='lat'>1812</span> <span class='ocrx_word' id='word_1_72' title='bbox 541 1070 664 1129; x_wconf 88' lang='lat' dir='ltr'><strong>Parisiis</strong></span> <span class='ocrx_word' id='word_1_73' title='bbox 679 1069 834 1130; x_wconf 88' lang='lat' dir='ltr'><strong>Laurentii</strong></span> <span class='ocrx_word' id='word_1_74' title='bbox 852 1071 971 1146; x_wconf 87' lang='lat' dir='ltr'><strong>librum,</strong></span> <span class='ocrx_word' id='word_1_75' title='bbox 991 1092 1080 1148; x_wconf 91' lang='lat' dir='ltr'><strong>quem</strong></span> 
     </span>
     <span class='ocr_line' id='line_1_11' title="bbox 75 1156 1078 1237; baseline 0.005 -22"><span class='ocrx_word' id='word_1_76' title='bbox 75 1156 104 1216; x_wconf 91' lang='lat' dir='ltr'><strong>de</strong></span> <span class='ocrx_word' id='word_1_77' title='bbox 121 1159 343 1237; x_wconf 85' lang='lat' dir='ltr'><strong>magistratibus</strong></span> <span class='ocrx_word' id='word_1_78' title='bbox 361 1158 556 1235; x_wconf 87' lang='lat' dir='ltr'><strong>reipublicae</strong></span> <span class='ocrx_word' id='word_1_79' title='bbox 571 1159 723 1219; x_wconf 86' lang='lat' dir='ltr'><strong>Romanae</strong></span> <span class='ocrx_word' id='word_1_80' title='bbox 739 1160 922 1236; x_wconf 85' lang='lat' dir='ltr'><strong>conscripsit,</strong></span> <span class='ocrx_word' id='word_1_81' title='bbox 942 1161 1042 1220; x_wconf 89' lang='lat' dir='ltr'><strong>ederet</strong></span> <span class='ocrx_word' id='word_1_82' title='bbox 1055 1162 1078 1220; x_wconf 91' lang='grc' dir='ltr'><strong>Ι.</strong></span> 
     </span>
     <span class='ocr_line' id='line_1_12' title="bbox 75 1245 1079 1324; baseline 0.006 -20"><span class='ocrx_word' id='word_1_83' title='bbox 75 1245 105 1304; x_wconf 90' lang='lat' dir='ltr'><strong>D.</strong></span> <span class='ocrx_word' id='word_1_84' title='bbox 117 1247 244 1322; x_wconf 77' lang='lat' dir='ltr'><strong>Fussius,</strong></span> <span class='ocrx_word' id='word_1_85' title='bbox 260 1247 478 1323; x_wconf 88' lang='lat' dir='ltr'><strong>amplissimum</strong></span> <span class='ocrx_word' id='word_1_86' title='bbox 491 1247 647 1324; x_wconf 77' lang='lat' dir='ltr'><strong>praemisit</strong></span> <span class='ocrx_word' id='word_1_87' title='bbox 661 1250 907 1309; x_wconf 86' lang='lat' dir='ltr'><strong>commentarium</strong></span> <span class='ocrx_word' id='word_1_88' title='bbox 922 1249 957 1308; x_wconf 91' lang='lat' dir='ltr'><strong>de</strong></span> <span class='ocrx_word' id='word_1_89' title='bbox 967 1250 1079 1310; x_wconf 82' lang='lat' dir='ltr'><strong>Ioanne</strong></span> 
     </span>
     <span class='ocr_line' id='line_1_13' title="bbox 75 1334 1079 1414; baseline 0.005 -22"><span class='ocrx_word' id='word_1_90' title='bbox 75 1334 162 1412; x_wconf 81' lang='lat' dir='ltr'><strong>lydo,</strong></span> <span class='ocrx_word' id='word_1_91' title='bbox 190 1355 250 1413; x_wconf 88' lang='lat' dir='ltr'><strong>quo</strong></span> <span class='ocrx_word' id='word_1_92' title='bbox 272 1337 304 1394; x_wconf 90' lang='lat' dir='ltr'><strong>in</strong></span> <span class='ocrx_word' id='word_1_93' title='bbox 327 1337 364 1396; x_wconf 92' lang='lat' dir='ltr'><strong>iis</strong></span> <span class='ocrx_word' id='word_1_94' title='bbox 393 1356 469 1412; x_wconf 87' lang='lat' dir='ltr'><strong>quae</strong></span> <span class='ocrx_word' id='word_1_95' title='bbox 496 1337 679 1413; x_wconf 89' lang='lat' dir='ltr'><strong>praecedunt</strong></span> <span class='ocrx_word' id='word_1_96' title='bbox 705 1338 878 1414; x_wconf 81' lang='lat' dir='ltr'><strong>saepissime</strong></span> <span class='ocrx_word' id='word_1_97' title='bbox 904 1339 951 1398; x_wconf 90' lang='lat' dir='ltr'><strong>usi</strong></span> <span class='ocrx_word' id='word_1_98' title='bbox 970 1358 1079 1398; x_wconf 90' lang='lat' dir='ltr'><strong>sumus.</strong></span> 
     </span>
     <span class='ocr_line' id='line_1_14' title="bbox 76 1424 1079 1502; baseline 0.006 -22"><span class='ocrx_word' id='word_1_99' title='bbox 76 1424 102 1482; x_wconf 91' lang='lat' dir='ltr'><strong>in</strong></span> <span class='ocrx_word' id='word_1_100' title='bbox 127 1425 176 1484; x_wconf 90' lang='lat' dir='ltr'><strong>illc</strong></span> <span class='ocrx_word' id='word_1_101' title='bbox 207 1428 322 1500; x_wconf 88' lang='lat' dir='ltr'><strong>autem,</strong></span> <span class='ocrx_word' id='word_1_102' title='bbox 353 1425 385 1484; x_wconf 91' lang='lat' dir='ltr'><strong>id</strong></span> <span class='ocrx_word' id='word_1_103' title='bbox 413 1425 493 1501; x_wconf 89' lang='lat' dir='ltr'><strong>quod</strong></span> <span class='ocrx_word' id='word_1_104' title='bbox 518 1425 592 1485; x_wconf 88' lang='lat' dir='ltr'><strong>item</strong></span> <span class='ocrx_word' id='word_1_105' title='bbox 618 1427 680 1484; x_wconf 88' lang='lat' dir='ltr'><strong>iam</strong></span> <span class='ocrx_word' id='word_1_106' title='bbox 706 1428 884 1502; x_wconf 89' lang='lat' dir='ltr'><strong>monuimus,</strong></span> <span class='ocrx_word' id='word_1_107' title='bbox 912 1429 1079 1486; x_wconf 88' lang='lat' dir='ltr'><strong>accuratius</strong></span> 
     </span>
     <span class='ocr_line' id='line_1_15' title="bbox 77 1507 1078 1597; baseline 0.005 -27"><span class='ocrx_word' id='word_1_108' title='bbox 77 1512 305 1574; x_wconf 86' lang='lat' dir='ltr'><strong>describebantur</strong></span> <span class='ocrx_word' id='word_1_109' title='bbox 327 1513 441 1574; x_wconf 87' lang='lat' dir='ltr'><strong>codices</strong></span> <span class='ocrx_word' id='word_1_110' title='bbox 464 1514 594 1574; x_wconf 85' lang='lat' dir='ltr'><strong>Parisini</strong></span> <span class='ocrx_word' id='word_1_111' title='bbox 622 1515 722 1592; x_wconf 57' lang='lat' dir='ltr'><strong>masei</strong></span> <span class='ocrx_word' id='word_1_112' title='bbox 747 1517 830 1576; x_wconf 83' lang='lat'>1409</span> <span class='ocrx_word' id='word_1_113' title='bbox 855 1507 909 1597; x_wconf 81' lang='lat' dir='ltr'><strong>(F)</strong></span> <span class='ocrx_word' id='word_1_114' title='bbox 938 1519 968 1575; x_wconf 89' lang='lat' dir='ltr'><strong>et</strong></span> <span class='ocrx_word' id='word_1_115' title='bbox 992 1518 1078 1576; x_wconf 88' lang='grc'><strong>3084</strong></span> 
     </span>
     <span class='ocr_line' id='line_1_16' title="bbox 77 1593 1079 1685; baseline 0.003 -26"><span class='ocrx_word' id='word_1_116' title='bbox 77 1593 124 1681; x_wconf 72' lang='grc' dir='ltr'><strong>(Β)</strong></span> <span class='ocrx_word' id='word_1_117' title='bbox 145 1605 318 1679; x_wconf 89' lang='lat' dir='ltr'><strong>animusque</strong></span> <span class='ocrx_word' id='word_1_118' title='bbox 341 1603 461 1663; x_wconf 87' lang='lat' dir='ltr'><strong>lectoris</strong></span> <span class='ocrx_word' id='word_1_119' title='bbox 483 1603 516 1662; x_wconf 90' lang='lat' dir='ltr'><strong>in</strong></span> <span class='ocrx_word' id='word_1_120' title='bbox 538 1602 669 1662; x_wconf 89' lang='lat' dir='ltr'><strong>codicem</strong></span> <span class='ocrx_word' id='word_1_121' title='bbox 688 1602 877 1664; x_wconf 78' lang='lat' dir='ltr'><strong>(lescelinum</strong></span> <span class='ocrx_word' id='word_1_122' title='bbox 895 1597 952 1685; x_wconf 74' lang='lat' dir='ltr'><strong>(O)</strong></span> <span class='ocrx_word' id='word_1_123' title='bbox 976 1605 1079 1664; x_wconf 88' lang='lat' dir='ltr'><strong>adver-</strong></span> 
     </span>
     <span class='ocr_line' id='line_1_17' title="bbox 78 1691 1078 1771; baseline 0.004 -23"><span class='ocrx_word' id='word_1_124' title='bbox 78 1691 191 1767; x_wconf 83' lang='lat' dir='ltr'><strong>tebatur,</strong></span> <span class='ocrx_word' id='word_1_125' title='bbox 214 1693 298 1752; x_wconf 89' lang='lat' dir='ltr'><strong>cuius</strong></span> <span class='ocrx_word' id='word_1_126' title='bbox 322 1710 367 1766; x_wconf 91' lang='lat' dir='ltr'><strong>ea,</strong></span> <span class='ocrx_word' id='word_1_127' title='bbox 390 1710 467 1768; x_wconf 89' lang='lat' dir='ltr'><strong>quae</strong></span> <span class='ocrx_word' id='word_1_128' title='bbox 490 1694 560 1752; x_wconf 85' lang='lat' dir='ltr'><strong>sunt</strong></span> <span class='ocrx_word' id='word_1_129' title='bbox 583 1692 619 1752; x_wconf 89' lang='lat' dir='ltr'><strong>de</strong></span> <span class='ocrx_word' id='word_1_130' title='bbox 642 1693 791 1752; x_wconf 87' lang='lat' dir='ltr'><strong>mensibus</strong></span> <span class='ocrx_word' id='word_1_131' title='bbox 815 1694 993 1771; x_wconf 78' lang='lat' dir='ltr'><strong>fragmenta,</strong></span> <span class='ocrx_word' id='word_1_132' title='bbox 1016 1695 1078 1769; x_wconf 90' lang='lat' dir='ltr'><strong>ipse</strong></span> 
     </span>
     <span class='ocr_line' id='line_1_18' title="bbox 78 1776 1077 1857; baseline 0.005 -20"><span class='ocrx_word' id='word_1_133' title='bbox 78 1776 173 1842; x_wconf 83' lang='lat' dir='ltr'><strong>Hssius</strong></span> <span class='ocrx_word' id='word_1_134' title='bbox 196 1781 293 1842; x_wconf 88' lang='lat' dir='ltr'><strong>edidit</strong></span> <span class='ocrx_word' id='word_1_135' title='bbox 313 1781 352 1840; x_wconf 93' lang='lat' dir='ltr'><strong>ad</strong></span> <span class='ocrx_word' id='word_1_136' title='bbox 379 1781 491 1840; x_wconf 87' lang='lat' dir='ltr'><strong>calcem</strong></span> <span class='ocrx_word' id='word_1_137' title='bbox 516 1780 586 1840; x_wconf 89' lang='lat' dir='ltr'><strong>libri</strong></span> <span class='ocrx_word' id='word_1_138' title='bbox 615 1781 650 1840; x_wconf 93' lang='lat' dir='ltr'><strong>de</strong></span> <span class='ocrx_word' id='word_1_139' title='bbox 678 1783 817 1857; x_wconf 89' lang='lat' dir='ltr'><strong>ostentis,</strong></span> <span class='ocrx_word' id='word_1_140' title='bbox 844 1782 967 1841; x_wconf 87' lang='lat' dir='ltr'><strong>Parisiis</strong></span> <span class='ocrx_word' id='word_1_141' title='bbox 993 1783 1077 1842; x_wconf 83' lang='lat'>1823</span> 
     </span>
     <span class='ocr_line' id='line_1_19' title="bbox 77 1869 959 1948; baseline 0.002 -22"><span class='ocrx_word' id='word_1_142' title='bbox 77 1886 100 1941; x_wconf 92' lang='lat' dir='ltr'><strong>p.</strong></span> <span class='ocrx_word' id='word_1_143' title='bbox 117 1871 174 1928; x_wconf 76' lang='lat'><strong>262</strong></span> <span class='ocrx_word' id='word_1_144' title='bbox 186 1889 261 1946; x_wconf 81' lang='lat' dir='ltr'><strong>sqq,</strong></span> <span class='ocrx_word' id='word_1_145' title='bbox 283 1870 389 1948; x_wconf 81' lang='lat' dir='ltr'><strong>exiguo</strong></span> <span class='ocrx_word' id='word_1_146' title='bbox 413 1869 516 1930; x_wconf 88' lang='lat' dir='ltr'><strong>addito</strong></span> <span class='ocrx_word' id='word_1_147' title='bbox 539 1871 751 1930; x_wconf 90' lang='lat' dir='ltr'><strong>commentario</strong></span> <span class='ocrx_word' id='word_1_148' title='bbox 774 1890 802 1946; x_wconf 87' lang='lat' dir='ltr'><strong>p.</strong></span> <span class='ocrx_word' id='word_1_149' title='bbox 823 1872 959 1947; x_wconf 83' lang='lat' dir='ltr'><strong>333sqq.</strong></span> 
     </span>
    </p>

    <p class='ocr_par' dir='ltr' id='par_1_3' title="bbox 76 1957 1239 3101">
     <span class='ocr_line' id='line_1_20' title="bbox 133 1957 1079 2035; baseline 0.001 -18"><span class='ocrx_word' id='word_1_150' title='bbox 133 1957 234 2018; x_wconf 91' lang='lat' dir='ltr'><strong>Denuo</strong></span> <span class='ocrx_word' id='word_1_151' title='bbox 267 1962 368 2018; x_wconf 89' lang='lat' dir='ltr'><strong>autem</strong></span> <span class='ocrx_word' id='word_1_152' title='bbox 399 1958 497 2035; x_wconf 88' lang='lat' dir='ltr'><strong>ipsum</strong></span> <span class='ocrx_word' id='word_1_153' title='bbox 528 1958 638 2017; x_wconf 87' lang='lat' dir='ltr'><strong>librum</strong></span> <span class='ocrx_word' id='word_1_154' title='bbox 670 1958 706 2018; x_wconf 90' lang='lat' dir='ltr'><strong>de</strong></span> <span class='ocrx_word' id='word_1_155' title='bbox 737 1959 887 2018; x_wconf 90' lang='lat' dir='ltr'><strong>mensibus</strong></span> <span class='ocrx_word' id='word_1_156' title='bbox 919 1959 951 2019; x_wconf 91' lang='lat' dir='ltr'><strong>in</strong></span> <span class='ocrx_word' id='word_1_157' title='bbox 982 1959 1079 2020; x_wconf 84' lang='lat' dir='ltr'><strong>lucem</strong></span> 
     </span>
     <span class='ocr_line' id='line_1_21' title="bbox 77 2040 1239 2123; baseline 0.007 -23"><span class='ocrx_word' id='word_1_158' title='bbox 77 2043 158 2105; x_wconf 87' lang='lat' dir='ltr'><strong>edidit</strong></span> <span class='ocrx_word' id='word_1_159' title='bbox 186 2047 387 2107; x_wconf 82' lang='lat' dir='ltr'><strong>Guilelmus</strong></span> <span class='ocrx_word' id='word_1_160' title='bbox 414 2047 571 2108; x_wconf 83' lang='lat' dir='ltr'><strong>Boether</strong></span> <span class='ocrx_word' id='word_1_161' title='bbox 600 2047 779 2123; x_wconf 88' lang='lat' dir='ltr'><strong>inscriptum</strong></span> <span class='ocrx_word' id='word_1_162' title='bbox 807 2040 961 2108; x_wconf 61' lang='grc' dir='ltr'><strong><em>*Ἰωάννου</em></strong></span> <span class='ocrx_word' id='word_1_163' title='bbox 992 2052 1239 2108; x_wconf 73' lang='lat' dir='ltr'><strong>Aac-Gu-Boethor</strong></span> 
     </span>
     <span class='ocr_line' id='line_1_22' title="bbox 77 2133 1078 2215; baseline 0.003 -24"><span class='ocrx_word' id='word_1_164' title='bbox 77 2135 177 2207; x_wconf 81' lang='grc' dir='ltr'><strong><em>ρεντίον</em></strong></span> <span class='ocrx_word' id='word_1_165' title='bbox 202 2133 411 2213; x_wconf 76' lang='grc' dir='ltr'><em>Φιλαδελφέως</em></span> <span class='ocrx_word' id='word_1_166' title='bbox 427 2135 536 2196; x_wconf 80' lang='grc' dir='ltr'><em>Λυδοῦ</em></span> <span class='ocrx_word' id='word_1_167' title='bbox 558 2134 626 2215; x_wconf 78' lang='grc' dir='ltr'><strong><em>περὶ</em></strong></span> <span class='ocrx_word' id='word_1_168' title='bbox 646 2143 761 2213; x_wconf 81' lang='grc' dir='ltr'><strong><em>μηνῶν,</em></strong></span> <span class='ocrx_word' id='word_1_169' title='bbox 783 2135 904 2198; x_wconf 89' lang='lat' dir='ltr'><strong>Ioannis</strong></span> <span class='ocrx_word' id='word_1_170' title='bbox 923 2136 1078 2196; x_wconf 88' lang='lat' dir='ltr'><strong>Laurentii</strong></span> 
     </span>
     <span class='ocr_line' id='line_1_23' title="bbox 77 2220 1078 2302; baseline 0.006 -24"><span class='ocrx_word' id='word_1_171' title='bbox 77 2220 290 2302; x_wconf 88' lang='lat' dir='ltr'><strong>Philadelpheni</strong></span> <span class='ocrx_word' id='word_1_172' title='bbox 321 2225 399 2301; x_wconf 86' lang='lat' dir='ltr'><strong>Lydi</strong></span> <span class='ocrx_word' id='word_1_173' title='bbox 435 2225 472 2283; x_wconf 89' lang='lat' dir='ltr'><strong>de</strong></span> <span class='ocrx_word' id='word_1_174' title='bbox 504 2225 654 2284; x_wconf 89' lang='lat' dir='ltr'><strong>mensibus</strong></span> <span class='ocrx_word' id='word_1_175' title='bbox 687 2243 764 2300; x_wconf 91' lang='lat' dir='ltr'><strong>quae</strong></span> <span class='ocrx_word' id='word_1_176' title='bbox 796 2227 900 2285; x_wconf 69' lang='lat' dir='ltr'><strong>extum</strong></span> <span class='ocrx_word' id='word_1_177' title='bbox 931 2229 1078 2302; x_wconf 83' lang='lat' dir='ltr'><strong>excerpta,</strong></span> 
     </span>
     <span class='ocr_line' id='line_1_24' title="bbox 76 2308 1079 2387; baseline 0.002 -17"><span class='ocrx_word' id='word_1_178' title='bbox 76 2309 182 2387; x_wconf 86' lang='lat' dir='ltr'><strong>Lipsiae</strong></span> <span class='ocrx_word' id='word_1_179' title='bbox 209 2317 241 2373; x_wconf 89' lang='lat' dir='ltr'><strong>et</strong></span> <span class='ocrx_word' id='word_1_180' title='bbox 267 2313 453 2374; x_wconf 85' lang='lat' dir='ltr'><strong>Dermstadii</strong></span> <span class='ocrx_word' id='word_1_181' title='bbox 479 2308 586 2374; x_wconf 66' lang='lat'>1827?</span> <span class='ocrx_word' id='word_1_182' title='bbox 631 2315 657 2372; x_wconf 92' lang='lat' dir='ltr'><strong>is</strong></span> <span class='ocrx_word' id='word_1_183' title='bbox 682 2313 891 2376; x_wconf 81' lang='lat' dir='ltr'><strong>Schowianam</strong></span> <span class='ocrx_word' id='word_1_184' title='bbox 918 2315 1079 2373; x_wconf 88' lang='lat' dir='ltr'><strong>editionem</strong></span> 
     </span>
     <span class='ocr_line' id='line_1_25' title="bbox 76 2402 1079 2481; baseline 0.002 -21"><span class='ocrx_word' id='word_1_185' title='bbox 76 2418 156 2476; x_wconf 82' lang='lat' dir='ltr'><strong>usque</strong></span> <span class='ocrx_word' id='word_1_186' title='bbox 182 2421 218 2462; x_wconf 93' lang='lat' dir='ltr'><strong>eo</strong></span> <span class='ocrx_word' id='word_1_187' title='bbox 245 2406 292 2462; x_wconf 86' lang='lat' dir='ltr'><strong>est</strong></span> <span class='ocrx_word' id='word_1_188' title='bbox 318 2405 450 2477; x_wconf 87' lang='lat' dir='ltr'><strong>secutus,</strong></span> <span class='ocrx_word' id='word_1_189' title='bbox 477 2406 512 2463; x_wconf 88' lang='lat' dir='ltr'><strong>ut</strong></span> <span class='ocrx_word' id='word_1_190' title='bbox 535 2402 761 2478; x_wconf 90' lang='lat' dir='ltr'><strong>dispositionem</strong></span> <span class='ocrx_word' id='word_1_191' title='bbox 785 2403 870 2462; x_wconf 90' lang='lat' dir='ltr'><strong>illam</strong></span> <span class='ocrx_word' id='word_1_192' title='bbox 892 2404 1079 2481; x_wconf 82' lang='lat' dir='ltr'><strong>singulorum</strong></span> 
     </span>
     <span class='ocr_line' id='line_1_26' title="bbox 76 2487 1078 2568; baseline 0.001 -18"><span class='ocrx_word' id='word_1_193' title='bbox 76 2487 298 2567; x_wconf 73' lang='lat' dir='ltr'><strong>fragmentorum</strong></span> <span class='ocrx_word' id='word_1_194' title='bbox 325 2510 343 2551; x_wconf 89' lang='lat' dir='ltr'><strong>a</strong></span> <span class='ocrx_word' id='word_1_195' title='bbox 372 2490 507 2550; x_wconf 82' lang='lat' dir='ltr'><strong>Schowio</strong></span> <span class='ocrx_word' id='word_1_196' title='bbox 534 2491 706 2550; x_wconf 87' lang='lat' dir='ltr'><strong>incohatam</strong></span> <span class='ocrx_word' id='word_1_197' title='bbox 734 2491 773 2549; x_wconf 90' lang='lat' dir='ltr'><strong>ad</strong></span> <span class='ocrx_word' id='word_1_198' title='bbox 800 2491 890 2550; x_wconf 87' lang='lat' dir='ltr'><strong>finem</strong></span> <span class='ocrx_word' id='word_1_199' title='bbox 919 2491 1078 2568; x_wconf 87' lang='lat' dir='ltr'><strong>perducere</strong></span> 
     </span>
     <span class='ocr_line' id='line_1_27' title="bbox 76 2580 1168 2656; baseline 0.006 -23"><span class='ocrx_word' id='word_1_200' title='bbox 76 2595 126 2636; x_wconf 87' lang='lat' dir='ltr'><strong>non</strong></span> <span class='ocrx_word' id='word_1_201' title='bbox 154 2580 290 2655; x_wconf 89' lang='lat' dir='ltr'><strong>auderet,</strong></span> <span class='ocrx_word' id='word_1_202' title='bbox 322 2580 458 2656; x_wconf 80' lang='lat' dir='ltr'><strong>quamvis</strong></span> <span class='ocrx_word' id='word_1_203' title='bbox 491 2597 557 2638; x_wconf 88' lang='lat' dir='ltr'><strong>eam</strong></span> <span class='ocrx_word' id='word_1_204' title='bbox 586 2580 708 2640; x_wconf 88' lang='lat' dir='ltr'><strong>minime</strong></span> <span class='ocrx_word' id='word_1_205' title='bbox 741 2580 909 2640; x_wconf 87' lang='lat' dir='ltr'><strong>absolutam</strong></span> <span class='ocrx_word' id='word_1_206' title='bbox 941 2599 1004 2642; x_wconf 90' lang='lat' dir='ltr'><strong>esse</strong></span> <span class='ocrx_word' id='word_1_207' title='bbox 1033 2582 1077 2640; x_wconf 90' lang='lat' dir='ltr'><strong>in-</strong></span> <span class='ocrx_word' id='word_1_208' title='bbox 1165 2583 1168 2592; x_wconf 92' lang='lat'>&#39;</span> 
     </span>
     <span class='ocr_line' id='line_1_28' title="bbox 76 2666 1079 2744; baseline 0.006 -20"><span class='ocrx_word' id='word_1_209' title='bbox 76 2666 237 2744; x_wconf 82' lang='lat' dir='ltr'><strong>tellexisset3</strong></span> <span class='ocrx_word' id='word_1_210' title='bbox 273 2671 404 2728; x_wconf 86' lang='lat' dir='ltr'><strong>ceterum</strong></span> <span class='ocrx_word' id='word_1_211' title='bbox 435 2667 522 2728; x_wconf 91' lang='lat' dir='ltr'><strong>Hasii</strong></span> <span class='ocrx_word' id='word_1_212' title='bbox 554 2669 766 2730; x_wconf 90' lang='lat' dir='ltr'><strong>commentario</strong></span> <span class='ocrx_word' id='word_1_213' title='bbox 799 2672 963 2728; x_wconf 86' lang='lat' dir='ltr'><strong>commotus</strong></span> <span class='ocrx_word' id='word_1_214' title='bbox 995 2669 1079 2730; x_wconf 87' lang='lat' dir='ltr'><strong>Pari-</strong></span> 
     </span>
     <span class='ocr_line' id='line_1_29' title="bbox 76 2754 1078 2834; baseline 0.002 -20"><span class='ocrx_word' id='word_1_215' title='bbox 76 2754 124 2814; x_wconf 81' lang='lat' dir='ltr'><strong>sini</strong></span> <span class='ocrx_word' id='word_1_216' title='bbox 150 2759 235 2818; x_wconf 86' lang='grc'><strong>3084</strong></span> <span class='ocrx_word' id='word_1_217' title='bbox 266 2757 408 2818; x_wconf 88' lang='lat' dir='ltr'><strong>lectiones</strong></span> <span class='ocrx_word' id='word_1_218' title='bbox 440 2756 551 2818; x_wconf 89' lang='lat' dir='ltr'><strong>adiecit</strong></span> <span class='ocrx_word' id='word_1_219' title='bbox 582 2760 613 2816; x_wconf 92' lang='lat' dir='ltr'><strong>et</strong></span> <span class='ocrx_word' id='word_1_220' title='bbox 642 2756 793 2821; x_wconf 85' lang='lat' dir='ltr'><strong>Lambecii</strong></span> <span class='ocrx_word' id='word_1_221' title='bbox 826 2760 963 2834; x_wconf 80' lang='lat' dir='ltr'><strong>excerpta</strong></span> <span class='ocrx_word' id='word_1_222' title='bbox 996 2759 1078 2817; x_wconf 88' lang='lat' dir='ltr'><strong>adhi-</strong></span> 
     </span>
     <span class='ocr_line' id='line_1_30' title="bbox 76 2840 1078 2922; baseline 0.005 -21"><span class='ocrx_word' id='word_1_223' title='bbox 76 2840 142 2921; x_wconf 88' lang='lat' dir='ltr'><strong>buit,</strong></span> <span class='ocrx_word' id='word_1_224' title='bbox 172 2847 208 2906; x_wconf 92' lang='lat' dir='ltr'><strong>de</strong></span> <span class='ocrx_word' id='word_1_225' title='bbox 240 2865 294 2906; x_wconf 89' lang='lat' dir='ltr'><strong>suo</strong></span> <span class='ocrx_word' id='word_1_226' title='bbox 326 2846 453 2922; x_wconf 88' lang='lat' dir='ltr'><strong>denique</strong></span> <span class='ocrx_word' id='word_1_227' title='bbox 484 2845 650 2907; x_wconf 85' lang='lat' dir='ltr'><strong>versionem</strong></span> <span class='ocrx_word' id='word_1_228' title='bbox 678 2845 805 2906; x_wconf 88' lang='lat' dir='ltr'><strong>latinam</strong></span> <span class='ocrx_word' id='word_1_229' title='bbox 837 2850 868 2906; x_wconf 89' lang='lat' dir='ltr'><strong>et</strong></span> <span class='ocrx_word' id='word_1_230' title='bbox 895 2847 1078 2906; x_wconf 85' lang='lat' dir='ltr'><strong>coniecturas</strong></span> 
     </span>
     <span class='ocr_line' id='line_1_31' title="bbox 77 2935 1078 3013; baseline 0.003 -24"><span class='ocrx_word' id='word_1_231' title='bbox 77 2936 220 2996; x_wconf 88' lang='lat' dir='ltr'><strong>nonnullas</strong></span> <span class='ocrx_word' id='word_1_232' title='bbox 243 2935 371 3011; x_wconf 76' lang='lat' dir='ltr'><strong>addidit,</strong></span> <span class='ocrx_word' id='word_1_233' title='bbox 396 2935 502 3013; x_wconf 91' lang='lat' dir='ltr'><strong>quibus</strong></span> <span class='ocrx_word' id='word_1_234' title='bbox 521 2935 572 2995; x_wconf 91' lang='lat' dir='ltr'><strong>ubi</strong></span> <span class='ocrx_word' id='word_1_235' title='bbox 590 2954 660 2994; x_wconf 88' lang='lat' dir='ltr'><strong>usus</strong></span> <span class='ocrx_word' id='word_1_236' title='bbox 679 2954 745 2994; x_wconf 88' lang='lat' dir='ltr'><strong>sum</strong></span> <span class='ocrx_word' id='word_1_237' title='bbox 762 2936 795 2994; x_wconf 89' lang='lat' dir='ltr'><strong>in</strong></span> <span class='ocrx_word' id='word_1_238' title='bbox 814 2935 952 3009; x_wconf 88' lang='lat' dir='ltr'><strong>editione,</strong></span> <span class='ocrx_word' id='word_1_239' title='bbox 975 2939 1078 2994; x_wconf 87' lang='lat' dir='ltr'><strong>notam</strong></span> 
     </span>
     <span class='ocr_line' id='line_1_32' title="bbox 78 3019 282 3101; baseline 0.029 -23"><span class='ocrx_word' id='word_1_240' title='bbox 78 3019 115 3079; x_wconf 80' lang='lat' dir='ltr'><strong>ar</strong></span> <span class='ocrx_word' id='word_1_241' title='bbox 134 3023 282 3101; x_wconf 88' lang='lat' dir='ltr'><strong>adscripsi.</strong></span> 
     </span>
    </p>

    <p class='ocr_par' dir='ltr' id='par_1_4' title="bbox 78 3112 1218 3633">
     <span class='ocr_line' id='line_1_33' title="bbox 132 3112 1078 3190; baseline -0.003 -17"><span class='ocrx_word' id='word_1_242' title='bbox 132 3112 260 3173; x_wconf 89' lang='lat' dir='ltr'><strong>Ultimus</strong></span> <span class='ocrx_word' id='word_1_243' title='bbox 289 3113 416 3190; x_wconf 90' lang='lat' dir='ltr'><strong>denique</strong></span> <span class='ocrx_word' id='word_1_244' title='bbox 447 3113 602 3189; x_wconf 89' lang='lat' dir='ltr'><strong>editorum,</strong></span> <span class='ocrx_word' id='word_1_245' title='bbox 635 3132 724 3188; x_wconf 90' lang='lat' dir='ltr'><strong>quem</strong></span> <span class='ocrx_word' id='word_1_246' title='bbox 745 3112 959 3172; x_wconf 88' lang='lat' dir='ltr'><strong>nominandum</strong></span> <span class='ocrx_word' id='word_1_247' title='bbox 987 3112 1078 3172; x_wconf 86' lang='lat' dir='ltr'><strong>habe·</strong></span> 
     </span>
     <span class='ocr_line' id='line_1_34' title="bbox 78 3200 1218 3277; baseline 0.001 -17"><span class='ocrx_word' id='word_1_248' title='bbox 78 3217 139 3277; x_wconf 84' lang='lat' dir='ltr'><strong>mus,</strong></span> <span class='ocrx_word' id='word_1_249' title='bbox 156 3202 352 3262; x_wconf 81' lang='lat' dir='ltr'><strong>Immanuol</strong></span> <span class='ocrx_word' id='word_1_250' title='bbox 371 3203 510 3262; x_wconf 86' lang='lat' dir='ltr'><strong>Bekker</strong></span> <span class='ocrx_word' id='word_1_251' title='bbox 529 3206 582 3277; x_wconf 91' lang='lat' dir='ltr'><strong>est,</strong></span> <span class='ocrx_word' id='word_1_252' title='bbox 602 3203 653 3277; x_wconf 90' lang='lat' dir='ltr'><strong>qui</strong></span> <span class='ocrx_word' id='word_1_253' title='bbox 671 3221 739 3261; x_wconf 87' lang='lat' dir='ltr'><strong>cum</strong></span> <span class='ocrx_word' id='word_1_254' title='bbox 756 3200 874 3276; x_wconf 85' lang='lat' dir='ltr'><strong>Lydum</strong></span> <span class='ocrx_word' id='word_1_255' title='bbox 892 3219 970 3259; x_wconf 90' lang='lat' dir='ltr'><strong>anno</strong></span> <span class='ocrx_word' id='word_1_256' title='bbox 992 3203 1075 3260; x_wconf 82' lang='lat'>1837</span> <span class='ocrx_word' id='word_1_257' title='bbox 1098 3213 1116 3252; x_wconf 82' lang='lat'><strong>1-</strong></span> <span class='ocrx_word' id='word_1_258' title='bbox 1127 3213 1218 3253; x_wconf 77' lang='lat' dir='ltr'><strong>Bekkor</strong></span> 
     </span>
     <span class='ocr_line' id='line_1_35' title="bbox 78 3285 1078 3367; baseline -0.001 -17"><span class='ocrx_word' id='word_1_259' title='bbox 78 3285 104 3345; x_wconf 82' lang='lat' dir='ltr'><strong>in</strong></span> <span class='ocrx_word' id='word_1_260' title='bbox 122 3309 222 3367; x_wconf 81' lang='lat' dir='ltr'><strong>corpus</strong></span> <span class='ocrx_word' id='word_1_261' title='bbox 245 3291 425 3367; x_wconf 87' lang='lat' dir='ltr'><strong>scriptorum</strong></span> <span class='ocrx_word' id='word_1_262' title='bbox 447 3291 589 3350; x_wconf 87' lang='lat' dir='ltr'><strong>historiae</strong></span> <span class='ocrx_word' id='word_1_263' title='bbox 612 3290 796 3366; x_wconf 81' lang='lat' dir='ltr'><strong>Byzantinus</strong></span> <span class='ocrx_word' id='word_1_264' title='bbox 822 3290 981 3365; x_wconf 87' lang='lat' dir='ltr'><strong>reciperet,</strong></span> <span class='ocrx_word' id='word_1_265' title='bbox 1008 3289 1078 3349; x_wconf 84' lang='lat' dir='ltr'><strong>libri</strong></span> 
     </span>
     <span class='ocr_line' id='line_1_36' title="bbox 79 3374 1077 3456; baseline 0.003 -22"><span class='ocrx_word' id='word_1_266' title='bbox 79 3374 108 3434; x_wconf 88' lang='lat' dir='ltr'><strong>de</strong></span> <span class='ocrx_word' id='word_1_267' title='bbox 126 3380 270 3440; x_wconf 84' lang='lat' dir='ltr'><strong>mensibus</strong></span> <span class='ocrx_word' id='word_1_268' title='bbox 294 3398 412 3456; x_wconf 89' lang='lat' dir='ltr'><strong>quoque</strong></span> <span class='ocrx_word' id='word_1_269' title='bbox 436 3380 597 3440; x_wconf 89' lang='lat' dir='ltr'><strong>editionem</strong></span> <span class='ocrx_word' id='word_1_270' title='bbox 619 3379 843 3456; x_wconf 82' lang='lat' dir='ltr'><strong>redintegravit.</strong></span> <span class='ocrx_word' id='word_1_271' title='bbox 886 3397 982 3453; x_wconf 89' lang='lat' dir='ltr'><strong>neque</strong></span> <span class='ocrx_word' id='word_1_272' title='bbox 1002 3379 1077 3437; x_wconf 90' lang='lat' dir='ltr'><strong>mul-</strong></span> 
     </span>
     <span class='ocr_line' id='line_1_37' title="bbox 79 3463 1078 3544; baseline 0.002 -20"><span class='ocrx_word' id='word_1_273' title='bbox 79 3463 132 3524; x_wconf 74' lang='lat' dir='ltr'><strong>tum</strong></span> <span class='ocrx_word' id='word_1_274' title='bbox 160 3487 194 3532; x_wconf 87' lang='lat' dir='ltr'><strong>ea</strong></span> <span class='ocrx_word' id='word_1_275' title='bbox 223 3469 315 3528; x_wconf 87' lang='lat' dir='ltr'><strong>editio</strong></span> <span class='ocrx_word' id='word_1_276' title='bbox 345 3468 460 3544; x_wconf 88' lang='lat' dir='ltr'><strong>profuit</strong></span> <span class='ocrx_word' id='word_1_277' title='bbox 486 3467 688 3528; x_wconf 87' lang='lat' dir='ltr'><strong>Laurentiano</strong></span> <span class='ocrx_word' id='word_1_278' title='bbox 720 3467 875 3543; x_wconf 82' lang='lat' dir='ltr'><strong>opusculo,</strong></span> <span class='ocrx_word' id='word_1_279' title='bbox 907 3485 975 3526; x_wconf 89' lang='lat' dir='ltr'><strong>cum</strong></span> <span class='ocrx_word' id='word_1_280' title='bbox 1005 3469 1078 3528; x_wconf 86' lang='lat' dir='ltr'><strong>satis</strong></span> 
     </span>
     <span class='ocr_line' id='line_1_38' title="bbox 79 3549 1079 3633; baseline 0.007 -23"><span class='ocrx_word' id='word_1_281' title='bbox 79 3549 214 3618; x_wconf 81' lang='lat' dir='ltr'><strong>habuisset</strong></span> <span class='ocrx_word' id='word_1_282' title='bbox 246 3557 398 3618; x_wconf 83' lang='lat' dir='ltr'><strong>Bckkerus</strong></span> <span class='ocrx_word' id='word_1_283' title='bbox 435 3557 521 3618; x_wconf 87' lang='lat' dir='ltr'><strong>Hasii</strong></span> <span class='ocrx_word' id='word_1_284' title='bbox 558 3557 802 3616; x_wconf 85' lang='lat' dir='ltr'><strong>commentarium</strong></span> <span class='ocrx_word' id='word_1_285' title='bbox 839 3559 869 3616; x_wconf 90' lang='lat' dir='ltr'><strong>et</strong></span> <span class='ocrx_word' id='word_1_286' title='bbox 904 3556 1008 3633; x_wconf 82' lang='lat' dir='ltr'><strong>verba,</strong></span> <span class='ocrx_word' id='word_1_287' title='bbox 1044 3561 1079 3617; x_wconf 89' lang='lat' dir='ltr'><strong>ut</strong></span> 
     </span>
    </p>
   </div>
   <div class='ocr_carea' id='block_1_3' title="bbox 0 0 1269 3984">
    <p class='ocr_par' dir='ltr' id='par_1_5' title="bbox 0 0 1269 3984">
     <span class='ocr_line' id='line_1_39' title="bbox 0 0 1269 3984; baseline 0 0"><span class='ocrx_word' id='word_1_288' title='bbox 0 0 1269 3984; x_wconf 95' lang='lat' dir='ltr'><strong> </strong></span> 
     </span>
    </p>
   </div>
  </div>
 </body>
</html>
