2524 3984
456 185 662 242 PRAEFATIO
877 196 880 206 “
985 186 1073 240 XLIX

103 353 180 414 Gedr.
194 374 223 431 p.
236 357 376 429 294,11:
398 353 442 414 ὅτι
459 353 531 433 κάρ
644 357 785 430 excerpta
804 358 875 416 sunt
898 375 914 416 ο
937 356 993 431 ΙΠ,
1017 359 1073 432 1ος

62 467 125 519 μινοι
139 476 180 485 -
195 443 316 521 μαντεία
332 469 374 491 --
395 443 441 502 οδ.
457 445 531 517 180,
590 444 627 504 cf.
642 443 687 502 οδ
702 464 731 519 p.
748 445 799 503 49.

64 535 181 592 20-21
207 524 279 614 (frg.
302 534 358 592 inc.
383 532 442 591 sed.
462 529 503 611 9).
634 553 663 608 p.
676 534 749 608 295,
762 535 793 591 7:
816 530 861 592 ὅτι
878 524 1015 610 Ῥωμαῖοι
1029 565 1072 574 --

92 619 531 700 13ιότιτὴνπρώτηντοῶμηνὸς
591 619 761 700 αὐτόχθονα
794 647 836 670 =
869 621 914 680 οδ
951 641 980 697 p.
1021 622 1073 697 63,

60 701 184 787 Ῥωμαῖοι
215 709 364 782 καλάνδας
395 713 531 770 καλοῦσι·
594 713 635 770 10
652 729 720 786 app.

65 797 163 870 νόννας
180 795 212 858 δὲ
231 797 282 858 καὶ
299 797 398 871 εἰδούς
415 796 465 860 ἐπὶ
479 795 533 876 μὲν
638 802 694 858 1οε
720 798 803 858 Δίων
818 798 1011 879 -γίνεσθαι
1031 824 1073 846 =

61 878 236 968 Ἰαννουαρίου
254 885 305 948 καὶ
325 887 533 968 Φεβρουαρίου
592 888 637 950 οδ.
656 908 685 964 p.
701 889 904 962 66,12-17.

62 967 216 1056 Ἀπριλλίου
231 997 260 1036 τε
276 975 327 1036 καλ
341 969 469 1038 Ἰουνίου
483 974 534 1036 καὶ
639 978 694 1036 15:
716 977 873 1058 Φεβρούαν
889 1009 931 1018 -
942 981 1076 1058 καθᾶραι

67 1063 229 1145 Αὐγούστου
256 1064 307 1125 καὶ
329 1065 533 1146 Σεπτεμβρίου
594 1092 636 1114 =
652 1066 696 1124 οδ.
715 1085 743 1141 p.
765 1069 847 1141 83,2
862 1085 930 1142 app.

69 1146 295 1234 καλὈκτωβρίου
318 1153 368 1215 καλ
382 1155 533 1235 Νοεβρίου
641 1157 696 1213 21:
721 1152 766 1214 ότι
798 1153 849 1215 τὸν
880 1154 1009 1235 Μάρτεμ
1033 1187 1075 1196 -

69 1239 111 1314 τός
141 1239 191 1320 μὲν
223 1241 335 1316 νόννας
365 1241 484 1324 λέγουσι
512 1237 535 1303 ε’
595 1242 778 1324 ζωογονικήν
807 1269 849 1292 =
878 1244 923 1303 ed.
960 1265 989 1320 p.
1025 1247 1076 1318 91,

70 1339 112 1390 τού
125 1330 225 1410 μηνός,
247 1331 300 1405 τὰς
323 1328 355 1392 δὲ
378 1331 478 1405 εἰδούς
497 1327 535 1412 ιμ’
595 1335 636 1392 25
656 1351 725 1408 app.

69 1427 112 1478 τοῦ
133 1420 239 1499 μηνός,
265 1418 315 1481 ἐπὶ
338 1417 369 1481 δὲ
393 1422 537 1504 Μαρτίου
638 1442 668 1497 p.
684 1423 802 1495 296,3:
834 1418 878 1480 ότι
904 1418 1009 1501 κέρδος
1032 1454 1076 1464 -

71 1505 111 1567 καί
131 1511 235 1571 Μαΐου
261 1508 313 1570 καλ
338 1502 463 1570 Ἰουλίου
486 1507 536 1570 καλ
594 1507 1078 1588 ἐπικειμένουποδρῶιίῶομμ.

72 1597 241 1680 Δεκεμβρίου
269 1597 321 1671 τδις
348 1595 403 1677 μὲν
425 1598 536 1670 νόννας
642 1601 675 1660 9:
699 1596 744 1659 ότι
763 1598 1077 1679 σπαθάριος-ττροσ·

71 1682 116 1761 τὴν
142 1681 165 1758 ξ
192 1696 245 1747 τοῦ
281 1685 391 1766 μηνός,
423 1685 474 1760 τὰς
505 1683 537 1747 δὲ
596 1687 849 1766 φάνησιςεοδ.
867 1709 897 1764 p.
913 1688 964 1762 86,
976 1690 1017 1747 24
1034 1719 1077 1730 -

72 1772 156 1848 εἰδούς
186 1775 244 1855 τὴν
281 1771 315 1836 ιε’
349 1785 402 1837 τοῦ
435 1775 537 1855 μηνός.
597 1779 688 1852 ew.

73 1863 204 1938 καλάνδας
227 1865 331 1925 τοίνυν
351 1858 536 1946 Ἰανουαρίου
643 1870 698 1925 11:
717 1862 762 1924 ότι
777 1857 1078 1942 Ῥωμαῖοι-καλοῦ·

73 1948 200 2031 εὑρίσκων
223 1952 279 2031 τὴν
302 1948 330 2014 α’
350 1947 537 2035 Ἰανουαρίου
597 1971 645 2015 σιν
669 1980 711 2003 =
736 1953 781 2012 ed.
805 1974 833 2029 p.
850 1957 902 2028 87,
915 1956 1031 2013 7-12,

73 2042 201 2120 νομίσεις,
237 2041 279 2103 ἔτι
309 2039 341 2103 δὲ
368 2042 425 2123 πρὸ
449 2051 538 2123 τριῶν
643 2046 698 2103 16:
745 2040 789 2102 ότι
835 2041 988 2122 σώφρονες
1036 2075 1078 2083 -

73 2127 118 2206 τὴν
130 2132 227 2211 τρίτην
241 2130 291 2192 καί
308 2131 366 2212 πρὸ
385 2141 538 2210 μιᾶςνον-
599 2131 733 2212 Φαίδρας
771 2157 813 2179 =
851 2131 895 2188 ed.
937 2151 966 2207 p.
1005 2133 1079 2206 178,

72 2225 123 2277 νῶν
140 2213 330 2301 Ἰανουαρίων
354 2220 408 2298 τὴν
427 2216 464 2300 δ,
488 2220 537 2281 διδι
599 2224 638 2281 11
669 2241 737 2297 app.
767 2215 838 2302 (frg.
866 2220 923 2278 inc.
950 2219 1011 2278 sed.
1036 2216 1078 2298 1).

72 2305 98 2366 τὸ
117 2306 167 2386 τὴν
189 2305 222 2388 ε’,
251 2307 291 2383 ῶς
315 2309 444 2389 ἔφημεν,
467 2309 537 2370 νόν-
645 2313 699 2370 19:
724 2307 768 2368 ότι
791 2311 867 2368 Ηαω
882 2307 1079 2389 -δημιουρ-

73 2417 119 2455 νοιν
139 2403 300 2458 καλεῖσθαι.
337 2398 407 2477 μετὰ
428 2395 460 2460 δὲ
482 2398 537 2477 τὴν
596 2398 648 2482 γός
661 2397 730 2470 θεός
743 2424 786 2445 =
797 2397 841 2456 οδ.
856 2418 885 2472 p.
897 2400 997 2472 111,1
1010 2417 1079 2474 app.

74 2478 91 2540 ε’
114 2485 201 2560 εἴποις
236 2485 274 2547 διν
304 2486 360 2568 πρὸ
389 2482 418 2566 η’
450 2488 539 2549 εἰδῶν
644 2489 700 2546 22:
725 2485 769 2546 ότι
791 2483 845 2545 νέα
867 2482 886 2564 ἡ
909 2486 1012 2567 πρώτη
1026 2494 1081 2548 τού

71 2563 257 2656 Ἰανουαρίων,
272 2573 367 2657 ἤγουν
381 2586 416 2661 τῇ
430 2570 456 2645 ς’
471 2577 538 2637 τού-
598 2575 693 2655 μηνὸς
715 2573 794 2656 παρδι
819 2567 974 2651 Ἀττικοῖς,
1008 2573 1080 2652 ἔννη

74 2682 126 2740 του,
146 2665 194 2725 καὶ
216 2664 274 2746 πρὸ
298 2662 368 2726 ἕπτδι
391 2665 481 2726 πάλιν
502 2675 538 2750 τῇ
599 2663 631 2726 δὲ
654 2661 673 2742 ἡ
696 2664 852 2725 τελευταία.
898 2660 1080 2742 καλάνδηὴ

76 2743 103 2828 ζ’,
121 2751 168 2813 καὶ
188 2752 257 2833 ἑξῆς
282 2751 405 2834 ὁμοίως,
434 2754 483 2814 διὰ
506 2753 539 2816 τό
599 2753 754 2832 νεομηνία,
777 2751 836 2813 ἀπὸ
861 2761 914 2813 τοῦ
933 2757 1033 2813 καλεῖν
1048 2750 1080 2812 ἐν

76 2836 120 2915 τὴν
152 2837 189 2923 η’
221 2837 407 2924 Ἰανουαρίον
440 2844 538 2918 είδοῦς
598 2843 673 2927 αὐτῇ
687 2840 739 2902 τὸν
758 2839 836 2923 ίερία
850 2839 901 2903 τόν
917 2841 1014 2921 δῆμον
1030 2839 1082 2902 καί

73 2917 241 3013 Ἰανουαρίου
264 2929 410 3012 λέγεσθαι.
438 2930 492 3011 τὴν
507 2930 539 2993 δὲ
597 2932 751 3012 κηρύττειν
787 2929 842 3009 τὴν
878 2928 992 3011 ἡμέραν
1027 2938 1080 3009 τῆς

76 3011 107 3074 ιδ
126 3021 228 3082 τούτου
251 3021 345 3094 εἴποις
363 3019 402 3081 δν
422 3020 479 3102 πρὸ
495 3016 539 3081 ιδ’
598 3020 723 3099 νόννας,
755 3016 784 3093 ἕξ
817 3011 854 3098 ἧς
886 3016 1026 3098 ἐδηλοῦτο
1060 3014 1080 3095 ἡ

76 3109 216 3170 καλανδῶν
241 3111 459 3190 Φεβρουαρίου,
484 3109 540 3189 τὴν
599 3109 773 3189 μεσομηνία,
791 3105 831 3187 ἣν
850 3107 935 3169 αύτολ
948 3106 1079 3188 πατρίως

78 3189 103 3252 δὲ
123 3192 153 3256 ιε’
173 3198 230 3278 πρὸ
249 3194 298 3276 ιη’,
321 3197 372 3260 καὶ
385 3197 452 3279 ἑξῆς
466 3197 540 3260 κατὰ
599 3199 698 3272 εἰδούς
708 3197 986 3279 προσαγορεύουσιν.
1007 3191 1082 3255 ἱστί-

78 3279 119 3342 ιόν
140 3286 246 3366 τρόπον
259 3285 342 3369 μέχρι
355 3297 408 3367 τῆς
422 3289 540 3369 πρώτης
601 3311 636 3348 ον
647 3286 689 3348 ότι
700 3288 839 3367 Μάρτιος
850 3284 900 3345 καλ
913 3284 1018 3357 Μάϊος
1031 3282 1083 3344 καί

81 3371 283 3457 Φεβρουαρίου*
307 3370 368 3436 εἶτα
391 3375 466 3458 ἐρεῖς
487 3401 541 3438 κα-
596 3369 719 3449 Ἰούλιος
741 3373 791 3435 καλ
807 3370 982 3453 Ὀκτώβριος
995 3372 1083 3454 ἕβδο-

79 3459 173 3537 λύνδας
182 3464 447 3547 Φεβρουαρίου,ε”τι
456 3463 542 3527 δὲκαὶ
601 3466 690 3544 μαίας
713 3463 811 3544 ἔχουσι
833 3462 885 3534 τὰς
907 3461 1019 3536 νόννας
1032 3460 1084 3522 καί

80 3541 119 3608 ίπλ
128 3560 182 3613 τῶν
193 3551 289 3616 άλλων
305 3564 410 3634 μηνῶν
425 3553 541 3635 ὁμοίως.
600 3552 891 3624 πεντεκαιδεκαταίας
906 3550 956 3624 τὰς
970 3551 1080 3629 είδοῢς,

123 3659 200 3703 Ianus
214 3665 248 3706 ed.
262 3665 293 3706 W
298 3675 386 3705 eeeee
391 3665 414 3706 λι
904 3650 923 3704 d
