2556 3996
434 185 543 240 LIBER
561 185 715 242 TERTIUS
1038 187 1080 251 51

71 350 227 432 τὴνὸλην
251 355 425 433 αίσθησιν·
448 348 503 414 καὶ
526 359 625 415 τοῦτο
649 351 754 434 δῆλον
777 349 813 415 έκ
836 359 985 433 τήςτᾶν
1007 351 1120 416 &dd-s

71 479 133 520 των
150 455 204 521 καλ
219 467 287 521 τῶν
302 456 339 521 έν
353 457 467 533 αὐτοῖς
481 458 574 536 ζώων
588 456 720 541 φύσεως
733 455 788 521 καί
809 456 844 522 ἐκ
862 467 930 522 τᾶν
949 456 987 522 έν
1004 457 1085 541 ἡμῖν

71 574 191 646 χυμῶν·
221 561 405 648 αὐξομένης
436 565 500 649 γὰρ
533 572 592 648 τής
624 566 764 648 σελήνης
796 562 927 642 αύξεται
959 565 1000 628 τδι
1022 561 1080 628 ὑπ’

72 668 180 752 αύτήν,
204 665 274 735 εἶτα
299 670 480 754 συνιούσης
502 670 662 754 ἀπολήγει
684 668 740 735 καί
763 671 811 746 εἰς
832 667 932 735 ἑαυτὰ
951 670 1086 734 συστέλ-

72 780 165 840 λεται.
208 774 265 841 καὶ
292 778 354 861 τήν
383 771 452 860 ἶβιν
481 773 518 842 δὲ
545 775 601 842 καὶ
629 777 689 842 τὸν
716 775 867 862 κέρκωπα
884 777 1084 859 Αἰγυπτίοις
1097 763 1147 840 YS

75 883 169 947 ἔνθεν
201 882 309 948 ἐδόκει
343 893 456 968 τιμᾶν·
493 883 664 985 ὀμφότερμ
700 885 764 967 γὰρ
794 884 834 948 τδι
867 886 931 962 ζῶα
963 885 1084 969 σελήνῃ
1113 907 1125 945 ε

73 996 223 1074 συμπαθῆ
252 985 340 1055 εἶναι
366 993 617 1077 προσείκασται·
648 989 669 1072 ή
692 986 754 1074 μὲν
778 985 843 1074 ἶβις
866 988 956 1076 αύτῷ
978 1013 1013 1054 τε
1036 997 1082 1076 τῷ
1096 999 1154 1054 YH

73 1099 204 1179 σχήματι
228 1095 383 1182 ἐμφερής,
406 1099 491 1183 ὀίκρα
509 1093 571 1181 μὲν
589 1096 840 1181 ὁμιχλαίνουσα,
864 1099 1086 1161 λευκαίνουσα

73 1197 107 1265 δέ
128 1204 165 1266 τᾶ
187 1201 271 1287 μέσα
293 1204 445 1290 καθάπερ
468 1203 488 1286 ή
513 1205 648 1288 αἰθερία
675 1206 771 1288 μήνη.
817 1203 871 1268 ὅτε
897 1204 961 1287 γὰρ
986 1202 1086 1290 ούρα-
1099 1214 1181 1268 YHS

74 1309 128 1384 νὸς
160 1309 319 1394 ἀσίληνος
356 1307 437 1375 οὐδὲ
474 1312 579 1395 λ’βιδες
615 1310 733 1396 ὁρῶσι,
770 1309 893 1393 μύουσι
930 1305 968 1374 δὲ
999 1321 1192 1386 τοῑςΥΗΡθ

73 1413 256 1500 ὀφθαλμοῖς
273 1413 409 1481 τουτονὶ
427 1417 487 1481 τὸν
505 1418 630 1501 χρόνον
646 1413 703 1480 καὶ
722 1417 830 1480 ὀίσιτοι
849 1414 1086 1501 ε’γκαρτεροῦσι
1100 1441 1125 1478 11

72 1522 106 1584 τὸ
141 1518 297 1606 συγγενὲς
334 1532 499 1606 στοιχεῖον
536 1521 769 1606 ύναμένουσαι.
828 1521 846 1587 ὁ
880 1517 917 1586 δὲ
953 1520 1086 1608 κέρκωψ

73 1627 245 1714 δηλοτέρας
272 1631 354 1712 ἔχειΙ
371 1630 429 1704 τὰς
462 1628 642 1714 ἐνεργείας·
674 1628 728 1694 ὅτε
756 1625 818 1713 μὲν
844 1629 908 1713 γδιρ
933 1627 1024 1707 αὔξει
1047 1629 1085 1693 τὸ

73 1745 139 1816 φῶς
172 1744 230 1819 τῆς
263 1738 416 1820 σελήνης,
449 1735 467 1800 δ
500 1746 568 1800 τῶν
600 1735 788 1820 ὀφθαλμῶν
820 1735 942 1812 κύκλος
978 1735 1085 1822 τούτῳ

72 1839 254 1925 εὐρύνεται,
288 1842 343 1907 ὅτε
370 1839 408 1907 δὲ
437 1841 543 1908 έκεῖνο
571 1851 736 1926 μειοῦται,
768 1842 805 1906 τὸ
833 1853 902 1907 τῶν
929 1842 1086 1927 ὀμμάτων
1100 1863 1125 1904 15

71 1944 240 2034 περιφερὲς
271 1947 491 2015 συστέλλεται.
538 1946 620 2033 φασί
648 1946 688 2012 δέ
707 1971 810 2032 τινες,
839 1943 887 2014 ὧν
915 1948 985 2014 ἐστι
1011 1946 1067 2013 καί
1081 1959 1191 2014 XHPS

72 2051 269 2139 Δέρκυλλος,
294 2055 344 2120 ὀτι
363 2065 520 2139 γεννᾶται
540 2055 577 2120 ἐν
599 2063 645 2143 τῷ
660 2054 805 2142 Ὑδοίσπη
824 2063 960 2144 ποταμῷ
986 2059 1085 2132 λίθος

72 2160 180 2244 λυχνὶς
216 2163 434 2246 καλούμενος·
475 2157 574 2237 οὗτος
608 2165 749 2247 σελήνης
783 2159 966 2245 αὐξομένης
1001 2156 1085 2245 ἦχον

136 2319 159 2356 v.
176 2305 210 2354 17
229 2300 377 2370 ΒεεογΠοε
395 2301 428 2355 fr.
445 2307 477 2354 11
497 2298 581 2354 FHG
598 2299 638 2353 IV
656 2304 709 2354 388

136 2443 159 2479 v.
176 2429 192 2478 δ
212 2422 256 2478 ὅτι
279 2424 331 2494 τήν
354 2424 413 2496 ίβιν
436 2425 484 2479 καί
503 2424 552 2479 τὸν
571 2422 701 2493 κέρκωττα
720 2425 863 2496 αίγύκτιοι
882 2435 1007 2494 τιμῶσιν·
1032 2427 1084 2496 ὀμ-

73 2493 169 2565 φότερα
189 2500 245 2551 κτλ.
265 2497 288 2550 S
307 2498 310 2567 λ
333 2496 384 2565 τὴν
402 2493 533 2564 κέρκωττα
551 2497 583 2550 Ε
654 2503 772 2566 θτιμᾶν
791 2494 883 2551 ἐδόκει
902 2497 933 2551 F
1002 2503 1017 2551 7
1037 2500 1085 2553 καί

73 2563 109 2620 ὅτι
126 2567 143 2636 ή
162 2566 218 2639 ίβις
237 2568 313 2621 αότῶ
331 2572 369 2620 τῶ
384 2567 502 2638 σχήματι
517 2567 638 2636 ἐμφερής
652 2566 709 2621 ἐστι
722 2576 756 2638 τή
770 2567 879 2638 σελήνη,
897 2568 932 2622 τδι
946 2567 996 2638 μὲν
1011 2569 1085 2638 ἄκρα

71 2637 623 2712 ΗΙαότῷτετῷ-θμήνηοεηὶε.8
694 2636 1088 2708 θδτεοόνὸΗ,ὀτεδδ

74 2715 102 2761 10
119 2711 166 2764 καί
184 2708 235 2772 τὰς
253 2709 324 2781 ίβεις
342 2709 378 2778 μὴ
399 2709 469 2778 δρᾶν
483 2708 542 2764 ἀλλ’
565 2707 677 2772 ἀσίτους
696 2713 890 2780 διακαρτερεῖν
908 2712 940 2766 τδ
955 2710 1086 2782 συγγενὲς

73 2797 124 2835 οτοι
142 2789 201 2836 εῑον
219 2780 426 2851 ἀναμενούσας,
450 2780 547 2850 ἐπειδὴ
571 2778 678 2835 ἐοίκασι
700 2791 738 2836 τᾶ
762 2782 880 2852 σχήματι
898 2791 947 2853 τῆς
970 2783 1085 2852 σελήνης
1143 2817 1147 2823 -

73 2850 102 2904 τόι
119 2872 191 2920 ακρα
210 2851 433 2923 ὀμιχλαινούσης,
452 2853 652 2922 λευκαινούσης
669 2851 701 2906 δὲ
718 2852 754 2906 τδι
773 2852 850 2922 μέσα.
887 2855 936 2908 καὶ
953 2854 1003 2909 τδν
1022 2852 1084 2923 κέρ-

73 2942 144 2978 numa
164 2921 196 2976 δὲ
214 2921 372 2991 δειλοτέρας
390 2923 463 2994 ἔχειν
482 2926 532 2995 ΡΙ
556 2925 607 2993 ούχ
626 2923 679 2992 δρᾶ
707 2925 769 2992 μύει
789 2923 861 2981 δὲθ
933 2931 964 2978 11
984 2933 1085 2981 τοῦτον

73 2993 141 3065 Hs!
158 2993 253 3057 ύσιτος
271 2994 431 3066 ἐγκαρτερεῖ
445 2995 471 3050 ’δ
541 3001 573 3048 12
594 2965 813 3064 ἀναμίνονσαδ
883 3001 917 3050 13
935 2995 987 3064 μὲν
1005 2996 1083 3050 omis.

78 3065 160 3120 YHS
230 3071 264 3119 14
282 3067 300 3136 ἡ
320 3066 418 3135 σελήνη
437 3067 481 3135 H,
506 3065 604 3135 σελήνη
628 3067 682 3121 YS
704 3070 708 3136 Ι
732 3075 783 3121 τοῦ
807 3067 958 3137 ὀφθαλμοῦ
979 3067 1085 3123 τούτων

74 3137 167 3198 κύκλος
178 3137 214 3190 Η
227 3137 231 3209 y
248 3139 335 3192 αότοῦ
350 3138 449 3199 κύκλος
463 3137 609 3205 εὐρύτερος
623 3135 730 3208 γίνεται
744 3138 773 3191 Ρ
843 3144 876 3192 15
896 3137 986 3192 ἐκεῖνο
1004 3137 1083 3192 omis,

77 3207 166 3276 YHS,
184 3207 288 3262 lacuna
306 3209 336 3263 in
350 3210 381 3262 E
447 3215 480 3262 16
500 3217 627 3276 μειοῦται
646 3207 817 3263 συστέλλεται
835 3212 888 3263 cet.
906 3209 963 3262 des.
983 3210 1016 3277 Y,
1036 3226 1084 3262 συ-

74 3277 202 3333 στέλλεται
220 3282 270 3334 καλ
289 3275 370 3342 οὖτος
388 3281 416 3333 Ρ
486 3285 519 3332 17
540 3276 687 3347 δέρκυλλος
709 3279 742 3334 δέ
764 3298 851 3350 φησιν
870 3283 969 3351 (φασιν
986 3280 1021 3349 S)
1041 3278 1084 3333 ὅτι

74 3349 141 3420 ΧδΙ
158 3352 207 3404 καὶ
226 3350 256 3406 έν
275 3356 313 3405 τῶ
331 3350 443 3419 δδύστιη
461 3355 578 3419 ποταμώ
597 3350 634 3414 ὥς
652 3369 722 3420 φασι
741 3359 874 3422 γεννᾶται
892 3348 973 3412 λίθος
990 3348 1083 3420 λυχνί-

74 3440 115 3490 της
133 3423 184 3492 Ηή
201 3419 255 3493 ὅτι]
275 3423 312 3484 ὡς
329 3423 375 3493 Ρή
392 3430 525 3492 γεννᾶται
543 3419 625 3485 λίθος
643 3422 673 3478 έν
692 3422 721 3475 Ρ
791 3428 824 3476 18
843 3422 944 3492 λύχνης
961 3422 996 3490 Α,
1019 3425 1083 3492 λυχ-

75 3491 144 3563 νίτης
162 3494 190 3562 S,
209 3495 304 3563 λυχνὶς
321 3493 492 3562 καλούμενος
510 3492 589 3548 omia.
609 3494 656 3567 Ρή
673 3489 754 3557 οὗτος
772 3494 842 3548 ΧΗ
863 3491 893 3556 ὃς
912 3493 982 3564 Ρδή
999 3494 1083 3558 αὐξα-

74 3563 185 3634 νομένης
203 3572 252 3642 τῆς
271 3566 386 3635 σελήνης
404 3566 432 3618 Ρ

883 3655 922 3707 4ο
