2530 3988
189 168 253 232 150
433 167 542 222 LIBER
560 165 736 232 QUARTUS.
764 165 954 221 AUGUSTUS

147 341 173 394 X
186 333 281 416 χαίας
303 339 364 396 τοῦ
382 331 486 415 μηνὸς
503 330 625 396 τούτου
646 331 882 416 προσηγορίας·
907 328 1077 407 Σεξτίλιος
1094 329 1192 413 <γὰρ>

187 439 267 522 μετά
296 438 356 502 τὸν
382 439 568 502 Κυντίλιον
597 437 796 521 ὠνομάζετο·
827 436 911 501 ὅθεν
941 436 973 501 οἱ
1003 434 1070 520 μετ’
1098 435 1192 501 αὐτὸν

188 545 264 630 άχρι
296 553 356 610 τοῦ
385 545 524 609 δεκάτου
553 542 593 609 οὐ
619 546 755 629 κυρίαν,
785 541 869 608 ἀλλὰ
896 542 958 625 τὴν
985 541 1019 621 ἐξ
1047 541 1193 628 ἀριθμῶν

146 660 173 713 Η
187 647 320 716 ἕλκουσι
342 653 579 737 προσηγορίαν.
615 650 812 732 Αὔγουστος
836 645 872 714 δὲ
895 648 1037 735 ὔστερον
1060 672 1193 734 μετωνο-

160 758 310 842 εμάσθη,
334 758 379 834 ὠς
401 756 462 841 μέν
485 755 573 833 τινές
596 774 709 841 φασιν,
732 756 798 822 ὑπὸ
820 765 880 821 τοῦ
900 755 1102 838 Αὐγούστου
1118 758 1192 820 Καί-

187 881 289 949 σαρος
311 865 368 929 διὰ
390 865 427 929 τὸ
452 864 488 930 ἐν
510 873 557 952 τῷ
579 862 659 948 μηνὶ
681 865 788 950 τούτῳ
811 864 891 939 τοὺς
914 861 1098 947 ἐμφυλίους
1119 871 1193 927 παῦ-

188 986 243 1035 σαι
265 969 441 1055 πολέμους,
464 970 524 1048 οὓς
545 972 619 1035 τότε
637 971 784 1046 πολλοὺς
801 964 890 1054 εἶχεν
907 969 927 1052 ἡ
942 969 1058 1054 Ῥώμη,
1081 967 1134 1034 καὶ
1153 970 1192 1044 είς

146 1087 172 1140 Y
187 1075 347 1161 ὁμόνοιαν
368 1079 447 1154 τοὺς
465 1076 643 1162 Ῥωμαίους
669 1077 733 1160 ἤδη
761 1085 974 1160 καταστῆσαι·
1003 1075 1060 1141 καὶ
1089 1075 1190 1158 ἐπειδὴ

187 1184 306 1265 όγδοός
338 1183 429 1249 ἐστιν
460 1183 525 1249 ἀπὸ
548 1181 773 1269 Ἰανουαρίου,
805 1182 911 1269 τούτῳ
943 1190 990 1270 τῷ
1023 1182 1131 1271 ὀγδόῳ
1159 1182 1189 1247 τὸ

148 1317 173 1356 ιο
187 1291 293 1374 ὄνομα
314 1299 374 1355 τοῦ
396 1298 455 1374 τῆς
477 1290 633 1374 ὁμονοίας
652 1289 765 1366 αὐτοῖς
784 1290 893 1354 αἰτίου
911 1287 1084 1355 ἀνέθεντο.
1120 1289 1190 1353 κατά

186 1398 249 1482 γάρ
275 1399 353 1473 τοὺς
376 1397 638 1482 Πυθαγορικοὺς
666 1395 825 1481 ὁμολογία
852 1394 907 1460 καὶ
934 1396 1044 1461 πειθώ
1072 1396 1092 1480 ἡ
1116 1395 1188 1460 ὀκτὼ

185 1508 344 1569 καλεῖται·
371 1514 501 1590 πρῶτος
528 1503 591 1589 γάρ
615 1501 685 1569 ἐστι
706 1503 809 1586 κύβος
836 1503 896 1585 τὴν
919 1511 980 1568 τοῦ
1005 1503 1127 1578 παντὸς
1148 1502 1189 1565 al-

187 1617 315 1693 σθητοῦ
339 1608 431 1674 ἰδέαν
453 1608 625 1695 περιέχων,
648 1609 730 1674 κατά
753 1633 787 1674 τε
810 1617 912 1693 μῆκος
931 1607 986 1674 καὶ
1004 1611 1126 1686 πλάτος
1143 1605 1188 1672 καὶ

186 1718 303 1801 βάθος,
330 1715 384 1781 καὶ
407 1722 514 1793 καλῶς
541 1715 702 1800 ὁμολογία
724 1713 847 1782 καλοῖτ’
872 1717 927 1781 άν·
956 1714 993 1780 ἐν
1021 1715 1111 1803 αὐτῷ
1135 1715 1189 1797 γὰρ

146 1834 172 1887 Η
186 1824 226 1888 τά
257 1824 393 1907 περιττά
424 1834 493 1900 τοῖς
525 1822 652 1908 ἀρτίοις
685 1823 910 1906 ὡμολόγησαν.
955 1823 1000 1898 ὠς
1028 1818 1066 1887 δὲ
1094 1819 1190 1904 ἕτεροί

147 1957 172 1996 16
186 1948 282 2014 φασι,
315 1939 375 1995 τοῦ
397 1929 596 2012 Αὐγούστου
619 1932 789 2016 Καίσαρος
814 1937 861 2016 τῷ
888 1927 968 2013 μηνὶ
991 1929 1098 2016 τούτῳ
1120 1927 1188 1992 ἀπο-

186 2038 352 2112 θανόντος
370 2037 403 2101 οῐ
417 2035 567 2121 Ῥωμαῖοι
585 2037 669 2122 πρὸς
686 2037 786 2120 τιμὴν
804 2035 907 2100 αὐτοῦ
926 2036 1125 2118 Αὔγουστον
1141 2033 1188 2097 τὸν

95 2149 174 2206 XHS
189 2151 277 2226 μῆνα
291 2141 476 2227 ὠνόμασαν.
512 2140 565 2207 καὶ
581 2137 680 2218 οὗτος
694 2138 731 2207 δὲ
745 2141 967 2225 ὁΑὔγουστος
977 2145 1119 2227 Καίσαρ,
1132 2146 1224 2245 RQ
1238 2231 1239 2234 Ἴ

187 2251 260 2326 υἱὸς
268 2248 452 2333 Ὀκταβίου,
465 2247 676 2333 Ὀκταβιανὸς
689 2251 854 2335 πρότερον
863 2247 1021 2332 ἐκαλεῖτο,
1042 2247 1091 2313 ἐπ’
1109 2247 1187 2312 ἀδελ-

148 2383 174 2422 οο
188 2366 234 2442 φῇ
258 2357 406 2442 γαμβρὸς
425 2358 603 2440 γενόμενος
621 2357 712 2445 Γαίῳ
727 2352 856 2443 Ἰουλίῳ
875 2363 921 2441 τῷ
939 2358 1099 2441 Καίσαρι·
1121 2352 1187 2439 μετὰ

148 2473 173 2526 X
187 2458 268 2546 <δὸ>
282 2465 322 2527 τά
336 2465 442 2528 πολλὰ
455 2460 510 2527 καὶ
524 2463 649 2546 μεγάλα
663 2460 793 2527 ἐκείνου
811 2463 953 2546 τρόπαια
971 2466 1109 2538 πολλοῖς
1126 2460 1188 2526 ὀνό-

188 2585 290 2652 μασιν
317 2568 461 2654 ἐτιμᾶτο·
492 2569 524 2633 οἱ
546 2564 608 2653 μὲν
635 2569 699 2654 γάρ
728 2567 830 2632 αὐτὸν
857 2567 1028 2651 ὠνόμαζον
1051 2571 1189 2654 Κυρῖνον

95 2686 176 2740 XHs
192 2673 293 2740 οἱονεὶ
313 2674 489 2760 Ῥωμύλον,
518 2676 613 2741 άλλοι
635 2678 804 2760 Καίσαρα,
832 2676 933 2762 ψήφῳ
958 2670 994 2739 δὲ
1017 2685 1114 2761 κοινῇ
1135 2684 1189 2739 τῶν

188 2780 367 2868 ἀρχιερέων
390 2780 444 2846 καὶ
472 2789 529 2866 τῆς
556 2785 679 2866 βουλῆς
701 2782 899 2864 Αὔγουστος
927 2779 1107 2865 ἐπεκλήθη·
1133 2780 1189 2846 Αὔ·

260 2992 284 3029 v.
300 2981 314 3028 1
336 2973 432 3047 <γδιρ>
447 2973 587 3044 supplevit
599 2974 675 3028 Hase
748 2980 764 3028 3
783 2973 936 3044 αὔγονστος
949 3006 985 3014 -
999 2980 1015 3028 8
1035 2982 1189 3043 καταστῆσαι

189 3046 223 3100 Η
292 3051 308 3099 8
327 3047 375 3100 καὶ
394 3045 490 3115 ἐπειδὴ
504 3077 538 3086 -
554 3051 587 3100 15
607 3043 786 3116 ὡμολόγησαν
809 3045 839 3098 Y
908 3051 942 3099 15
961 3045 998 3107 ὡς
1017 3044 1053 3100 δὲ.
1068 3044 1152 3113 ἕτεροι
1164 3073 1190 3084 -

190 3117 229 3178 εἰς
247 3114 389 3188 βασιλείαν
407 3120 522 3172 καλοῦσι
539 3120 576 3187 (p.
593 3123 653 3186 151,
668 3118 695 3187 3)
709 3117 745 3170 H
813 3122 846 3172 18
864 3117 913 3171 καὶ
927 3111 1009 3179 οὗτος
1023 3115 1054 3171 δὲ
1073 3115 1190 3186 δαῦγον-

190 3205 253 3249 στος
270 3197 371 3257 καίσαρ
391 3187 521 3260 όκτάβιος
535 3186 672 3257 πρότερον
687 3188 818 3256 ἐκαλεῖτο,
836 3186 925 3258 ψήφω
939 3185 971 3241 δὲ
985 3197 1041 3242 τῶν
1055 3184 1190 3258 ἀρχιερέων

189 3267 270 3328 κοινῆ
285 3261 333 3314 καλ
348 3263 403 3329 (24)
417 3260 457 3328 H,
476 3257 519 3314 ὅτι
533 3258 548 3314 δ
563 3259 731 3332 όκταβιανὸς
744 3267 846 3327 καίσαρ
860 3257 905 3312 ἐπ’
918 3257 1027 3328 ἀδελφὴ
1042 3291 1077 3299 -
1092 3265 1123 3313 21
1142 3255 1191 3324 τρό-

189 3349 261 3384 παια
284 3330 373 3400 ’ψήφω
396 3340 451 3386 τῶν
474 3329 624 3401 ἀρχιερέων
646 3339 728 3400 κοινῆ
752 3331 801 3385 καλ
823 3332 879 3400 (24)
901 3330 930 3396 S,
954 3329 1124 3402 όκταβιανδς
1143 3327 1192 3387 υἱὸς

190 3398 324 3473 όκταβίον
342 3399 424 3464 νίκας
440 3404 599 3473 πεποιηκὼς
616 3401 737 3474 μεγάλας
754 3405 866 3464 πολλοῖς
880 3399 1016 3470 ὀνόμασιν
1035 3400 1155 3471 ἐτιμᾶτο·
1171 3395 1191 3451 οἱ

191 3471 241 3540 μὲν
260 3475 315 3542 (22)
334 3475 386 3527 etc.
402 3473 434 3528 X
494 3479 526 3527 21
546 3473 619 3546 <δὲ>
635 3472 734 3528 addidi
793 3479 827 3527 23
846 3471 877 3526 δὲ
892 3471 971 3527 omis.
986 3473 1049 3542 Rs,
1074 3472 1191 3544 Virqaius

190 3544 223 3597 ι’νι
237 3545 294 3598 buc.
305 3544 333 3597 B
347 3543 377 3598 in
390 3560 478 3615 marg.
491 3545 496 3618 Ι
507 3554 563 3600 τῶν
577 3543 727 3616 ἀρχιερέων
741 3552 821 3615 κοινῆ
835 3543 894 3599 HS
947 3549 982 3598 24
1000 3542 1134 3615 ἐπειράθη
1147 3537 1193 3597 HS
