2524 3984
478 199 685 256 PRAEFATIO
1043 201 1093 256 LV

83 368 136 426 niti
158 369 294 443 solemus,
325 369 486 434 lectionum
513 370 659 446 varietas,
689 371 809 429 omnino
837 370 898 430 fere
927 389 980 436 nos
1008 370 1092 432 dere-

75 457 193 540 iinquit.
242 461 277 515 ut
305 458 384 516 enim
411 458 510 534 ipsum
537 459 733 535 archetypum
760 459 838 524 circa
861 477 975 522 amum
1005 462 1091 520 1300

82 546 273 622 conscriptum
296 548 342 605 cst
364 547 489 622 eiusque
512 549 686 626 apographa
708 548 748 609 cd
770 568 864 610 unum
887 548 987 610 omnia
1009 549 1092 614 intra

85 634 215 694 ducentos
244 635 282 694 ab
309 635 362 697 illo
390 637 518 695 termino
544 655 638 698 annos
666 637 800 702 confecta
828 638 911 710 sunt,
938 656 1034 712 neque
1058 638 1090 694 in

82 724 230 784 verborum
253 743 331 782 nexu
357 725 558 803 intellegendo
581 745 677 802 neque
696 727 729 784 in
751 725 950 788 describendis
973 725 1090 784 littera·

26 877 27 882 γ
79 833 142 872 rum
171 813 308 872 ductibus
340 815 444 876 tautce
476 814 595 874 inerant
624 815 831 890 difficultates,
863 817 994 891 quantae
1026 831 1090 876 esse

82 903 179 977 soient,
202 921 270 961 eum
292 902 328 961 de
352 903 546 969 remotiorum
568 906 737 980 temporum
755 904 904 968 codicibus
922 903 1090 965 describen-

81 991 121 1050 dis
143 993 251 1070 agibm
298 1010 357 1067 quo
380 992 574 1067 factumest,
601 995 636 1052 ut
659 994 759 1055 omnia
782 994 956 1070 apographa
980 992 1019 1054 ad
1040 993 1090 1052 iit-

79 1082 170 1139 teram
199 1082 261 1142 fene
292 1081 479 1146 consentiant
509 1099 576 1140 oum
605 1081 671 1158 ipso
701 1083 824 1146 Maximi
855 1083 1031 1158 archetypo:
1065 1082 1091 1140 si

81 1189 145 1228 nero
169 1203 210 1210 —
233 1172 268 1228 ut
290 1169 447 1236 mitissimo
475 1169 565 1236 verbo
593 1171 639 1236 uti
666 1171 758 1232 liceat
782 1205 823 1212 —
847 1172 923 1231 duae
952 1191 999 1230 res
1023 1190 1091 1230 eum

81 1259 164 1318 tertia
184 1259 316 1334 *quadam
338 1261 520 1336 congruunt,
548 1277 598 1326 eae
621 1262 653 1319 et
674 1260 754 1320 inter
776 1279 807 1320 se
827 1279 992 1338 congruere
1017 1278 1091 1336 opus

81 1351 129 1405 est.
173 1349 264 1423 atque
288 1350 495 1423 excerptorum
518 1348 639 1423 qudem
666 1369 702 1408 ex
724 1349 791 1424 ipsa
813 1348 967 1408 Planudea
990 1368 1090 1409 recen·

82 1436 157 1498 sicne
187 1437 336 1496 factorum
363 1436 478 1502 codices
506 1437 585 1512 MN,
612 1440 649 1496 ut
676 1439 788 1498 saeculi
815 1440 887 1497 sunt
913 1438 985 1498 XIV
1009 1455 1092 1500 ,eam-

83 1544 135 1599 que
157 1525 193 1584 ob
216 1545 280 1583 rem
302 1526 435 1600 proxime
459 1526 605 1592 accedunt
628 1526 667 1586 cd
688 1527 812 1586 Maximi
835 1530 980 1603 tempora,
1009 1530 1093 1588 recta

84 1613 127 1674 via
140 1634 173 1673 ex
187 1615 249 1673 eius
260 1615 433 1691 apographo
443 1614 583 1673 videnbrr
594 1615 794 1676 descendisse—2
808 1635 862 1691 pro
873 1619 953 1674 certo
969 1615 1092 1690 quidem

84 1702 222 1762 affirmare
245 1721 411 1778 possumus,
434 1703 511 1760 nihil
533 1704 570 1761 iis
594 1705 638 1762 rei
661 1722 724 1763 esse
748 1724 816 1767 cum
834 1703 957 1779 reliquis
978 1704 1091 1778 plenio-

84 1791 155 1852 ribus
169 1792 328 1866 codicibus,
348 1792 400 1867 qui
419 1793 564 1858 adunam
579 1811 679 1858 omnes
695 1794 869 1854 recentioris
884 1795 955 1855 sunt
969 1792 1092 1866 aetatis;

84 1885 229 1954 praeterea
252 1883 354 1944 autem
376 1881 401 1940 L
425 1900 543 1957 quoq-ue
567 1885 729 1957 seponatur
751 1902 870 1942 necesse
893 1884 952 1957 est,
980 1882 1091 1957 quippe

84 1970 131 2042 qui
145 1970 264 2030 brevem
281 1972 400 2030 tantum
418 1970 571 2032 contineat
584 1974 756 2046 tractatum,
775 1972 859 2036 euius
873 1972 975 2034 variae
990 1971 1093 2030 lectic-

87 2076 130 2118 nes
146 2060 217 2119 adeo
241 2061 312 2119 sunt
334 2078 458 2135 paucae,
480 2062 515 2122 ut
537 2060 576 2121 ad
598 2059 796 2120 definiendam
819 2060 928 2122 codicis
947 2059 1093 2136 originem

87 2146 151 2205 nihil
172 2149 301 2208 valeant.
348 2152 496 2223 quantum
522 2167 593 2214 nero
617 2150 655 2212 ad
682 2149 815 2224 reliquos
843 2148 954 2212 attinet
977 2147 1093 2208 codices

87 2233 239 2312 bonne,
267 2237 448 2313 comparatis
470 2237 550 2296 iuter
576 2256 608 2298 ee
630 2257 735 2299 eorum
757 2237 934 2300 lectionibus
957 2235 989 2294 id
1011 2235 1092 2296 vide·

85 2326 130 2383 tur
154 2326 243 2401 effici,
272 2326 331 2386 Da
361 2327 456 2386 artius
490 2327 570 2386 inter
597 2346 628 2386 se
656 2329 812 2388 cohaerere
839 2327 971 2401 itemque
999 2322 1094 2386 OFG.

88 2415 254 2476 enumerabo
279 2417 393 2489 autem,
418 2435 458 2480 ne
480 2415 588 2493 longus
612 2417 678 2490 sim,
700 2417 793 2476 trium
816 2415 951 2492 priorum
974 2416 1090 2478 tantum

86 2500 219 2566 librorum
241 2504 393 2578 lectiones,
417 2503 525 2580 quibus
549 2505 580 2562 id
604 2505 838 2569 demonstretur:

87 2682 173 2756 pau
236 2681 344 2754 κτίζειν
367 2678 475 2762 ἤρξατο
496 2682 555 2744 Dn
611 2679 718 2761 ἤρξατο
745 2681 850 2754 κτίζειν
874 2680 960 2745 GFG

121 2773 167 2847 21,
177 2773 220 2834 20
238 2775 342 2832 κακῶν
365 2771 424 2830 Da
610 2774 727 2837 πολλῶν
752 2769 836 2830 OFG

121 2861 195 2934 24,1
240 2859 448 2942 διαιρούμενον
467 2859 557 2927 Dae
610 2856 821 2940 διαιρουμένου
841 2859 937 2924 ΟΕΜ

121 2951 219 3025 iarn
238 2948 402 3027 κινήματος
412 2948 557 3029 σχήματος
610 2948 758 3028 κινήματα
781 2947 926 3028 σχήματος
948 2948 1041 3010 FGM

178 3130 220 3188 20
240 3127 460 3207 μεσονράνισμα
478 3129 536 3191 DE
613 3126 823 3208 μεσονράνημα
849 3127 914 3188 rell.
943 3121 981 3203 (E
1005 3117 1093 3206 corr.)

119 3217 220 3289 30,18
241 3215 290 3278 διὰ
311 3216 400 3281 ΟΒΕ
473 3249 475 3252 ·
613 3215 662 3278 δία
684 3216 777 3276 FGM

119 3295 279 3384 31,11ι’μ
302 3303 335 3366 ἒν
358 3305 437 3370 αὐτῶ
457 3305 544 3366 ¹OEF
612 3295 651 3382 ἦν
674 3304 753 3368 αὐτῶ
776 3305 841 3364 DM

120 3395 197 3469 39,8
240 3391 406 3475 οὐρηβόλον
429 3394 487 3454 DE
612 3392 780 3473 οὐρηβόρον
804 3391 890 3452 OFG

118 3484 221 3557 45,17
239 3481 295 3563 γὰρ
318 3483 378 3545 DE
612 3473 667 3542 οὖν
690 3481 775 3542 OFG

121 3572 198 3645 48‚8
240 3569 389 3652 χωρηθεὶς
411 3572 470 3632 ΒΕ
611 3568 838 3652 παραχωμηθεὶς
863 3568 947 3630 OFG
