2524 3984
512 201 718 256 PRAEFATIO
998 203 1124 258 LXXXV

177 368 292 439 Quibus
321 370 409 429 rebus
438 369 568 428 narratis
598 371 763 429 tractatum
793 371 828 429 de
858 371 923 447 ipsc
950 390 1051 430 mense
1079 392 1126 430 ex·

102 459 210 518 hausit
233 457 347 535 Lydus,
369 459 491 536 iamque
513 460 596 518 ultra
618 477 791 538 progressus
814 459 911 519 dicere
933 459 1068 520 instituit
1091 461 1127 519 de

105 547 320 607 distributione
338 548 481 624 temporis
499 547 542 620 εἰς
559 547 665 626 αἰῶνα,
685 547 727 621 εἰς
745 546 862 630 χρόνον,
885 547 928 621 εἰς
946 547 1060 628 καιρόν,
1083 549 1126 622 εἰς

106 633 248 697 ἐνιαυτόν
272 632 304 714 (ᾖ
326 629 391 718 15),
416 656 542 714 quorum
564 634 671 718 χρόνον
695 641 726 696 et
747 636 851 718 καιρὸν
874 637 978 697 statim
999 639 1128 714 expedit,

107 722 186 786 αἰὼν
209 743 281 785 vero
303 725 351 784 illi
374 728 419 785 est
441 723 561 806 ἄπειρός
578 748 622 798 τις
641 731 699 786 τῶν
718 725 867 808 οὐρανίων
886 725 1029 805 σωμάτων
1047 748 1128 807 περι-

107 813 236 892 redigere
259 809 279 892 ἢ
302 813 395 875 αὐτοῦ
414 823 466 875 τοῦ
485 813 596 887 παντὸς
615 813 746 895 οὐρανοῦ
765 813 909 894 παντελὴς
928 812 1129 893 ἀνακύκλησις

107 898 151 984 (p.
174 899 316 982 55,17):
341 923 356 962 e
380 923 440 981 qua
463 903 635 963 definitione
658 904 788 964 decurrit
811 904 849 963 ad
873 905 1036 964 errantium
1058 906 1127 964 stel-

105 993 210 1051 larum
242 991 395 1071 ιιερίοδον,
428 1012 505 1069 quae
537 996 654 1068 partem
686 994 760 1053 facit
791 993 878 1053 huius
910 991 1129 1075 mercatricem

106 1100 233 1158 quaque
257 1080 386 1140 efficitur
413 1101 509 1141 annus
538 1082 591 1159 qui
618 1086 744 1142 vocatur
765 1101 893 1160 magnus
917 1075 1036 1164 (§16).
1083 1087 1128 1142 at-

106 1190 166 1246 que
196 1171 258 1228 iam
285 1174 393 1245 restat,
420 1173 454 1228 nt
481 1171 626 1246 promisso
656 1169 736 1246 §15
766 1171 837 1233 dato
865 1174 925 1231 stet
948 1171 1129 1231 Laurentius

106 1259 250 1334 dicatque
274 1259 309 1318 de
333 1278 425 1333 anno,
453 1278 578 1335 cumque
600 1259 633 1317 in
660 1259 731 1319 libri
757 1260 844 1320 initio
868 1261 904 1319 de
932 1261 1003 1319 anni
1027 1280 1128 1320 secun-

106 1348 181 1406 dnm
219 1351 405 1408 astronomos
438 1348 609 1407 definitione
647 1349 742 1427 egerit
774 1354 804 1409 et
840 1349 875 1408 de
908 1368 986 1410 anno
1018 1370 1128 1428 magno

107 1431 144 1517 (ᾖ
168 1428 234 1517 16),
257 1441 393 1512 superest
415 1441 452 1496 nt
474 1437 555 1496 dicat
578 1437 613 1495 de
637 1457 716 1497 anno
739 1437 828 1497 civili.
869 1438 952 1498 cuins
974 1439 1056 1498 initii
1079 1439 1128 1498 de·

107 1526 303 1601 scriptionem
332 1523 352 1601 §
377 1529 417 1585 17
446 1526 619 1585 institutam
645 1546 714 1586 mox
742 1528 887 1603 relinquit
915 1527 1128 1586 considerando

106 1633 159 1674 eos
186 1618 301 1689 motus,
333 1615 385 1690 qui
411 1615 444 1672 in
472 1615 554 1674 caelo
583 1617 652 1674 sunt
676 1609 871 1698 (§18.19);
899 1617 999 1693 pergit
1023 1617 1128 1675 deinde

107 1704 145 1762 de
177 1721 257 1762 enno
288 1702 368 1779 apud
395 1703 495 1779 Lydos
524 1703 572 1762 dei
600 1705 666 1763 loco
696 1704 799 1764 habito
828 1697 863 1785 (ᾗ
883 1697 939 1786 20)
971 1709 1001 1764 et
1029 1701 1070 1777 ὡς
1096 1703 1129 1765 ἐν

106 1791 232 1876 παρόδῳ
256 1791 292 1851 de
310 1791 392 1850 Pane
416 1791 470 1852 deo
495 1793 575 1868 apud
593 1792 692 1869 Lydos
717 1795 798 1854 culto
822 1787 856 1874 (ξ
877 1791 945 1871 21);
968 1797 1034 1854 tum
1056 1813 1127 1855 vero

107 1881 282 1958 regreditur
304 1881 343 1939 ad
365 1900 432 1940 eam
454 1881 548 1956 viam,
577 1881 655 1941 unde
679 1882 807 1957 deflexit,
829 1886 992 1959 narratque
1016 1902 1129 1942 annum

107 1970 147 2029 ab
172 1969 309 2029 omnibus
332 1970 451 2046 populis
474 1971 506 2029 in
530 1970 685 2031 duodecim
702 1990 817 2030 menses
837 1971 986 2045 distribui,
1010 1991 1128 2031 eorum-

108 2078 168 2135 que
189 2058 322 2118 diversos
348 2058 504 2119 nobiscum
532 2059 733 2119 communicat
759 2060 880 2119 nomina
909 2056 942 2137 (ξ
963 2057 1034 2138 22);
1063 2061 1129 2137 qui-

106 2148 165 2208 bus
188 2147 335 2207 enarretis
365 2148 403 2206 ad
431 2149 502 2207 anni
529 2148 664 2223 initium,
694 2149 780 2208 cuius
807 2153 947 2208 naturam
970 2147 989 2225 ξ
1015 2154 1056 2210 17
1081 2170 1128 2209 ex-

107 2237 235 2312 planare
260 2240 407 2312 coeperat,
429 2237 508 2295 redit
531 2241 562 2296 et
580 2237 616 2296 de
634 2237 732 2297 tribus
751 2239 822 2296 anni
840 2238 936 2298 initiis
955 2239 1028 2316 agit,
1052 2258 1129 2315 quae

108 2325 347 2384 observabantur
361 2344 379 2383 a
392 2326 545 2401 Romanis,
563 2327 676 2386 saerale
690 2327 824 2402 patrium
839 2328 996 2403 cyclicum:
1016 2329 1129 2388 sacrale

108 2413 254 2473 Kalendis
285 2414 448 2490 Ianuariis,
480 2415 612 2491 patrium
643 2415 786 2475 Kalendis
816 2416 948 2492 MartiiS,
985 2417 1128 2493 cyclicum

107 2503 254 2562 Kalendis
273 2502 506 2580 Septembribus,
531 2523 657 2580 quornm
678 2505 735 2565 hoc
757 2505 899 2571 ultimum
921 2506 1043 2565 initium
1063 2509 1129 2565 erat

108 2591 296 2667 indictionis3
320 2611 381 2668 qua
404 2595 635 2654 commemorata
658 2595 696 2652 ad
718 2595 816 2670 ipsam
839 2594 1062 2654 describendam
1084 2595 1129 2653 in-

109 2680 271 2740 dictionem
293 2699 312 2739 a
336 2679 456 2741 Graecis
480 2678 651 2759 ἐπινέμησιν
677 2686 816 2742 vocatam
835 2683 977 2743 excurrit:
1001 2704 1062 2761 quc
1080 2703 1130 2743 ex-

110 2787 201 2828 cursu
227 2769 378 2846 expletur,
411 2769 492 2846 qnod
513 2771 602 2829 huius
625 2770 694 2829 libri
721 2772 870 2848 reliquum
894 2776 940 2832 est
966 2792 1060 2850 usque
1091 2774 1129 2831 ad

109 2857 199 2918 finem
222 2859 404 2936 paragraphi
431 2860 593 2942 vigesimae
619 2860 736 2920 tertiae.
783 2865 874 2938 atque
897 2863 980 2921 tertii
1009 2881 1128 2939 quoque

111 2944 182 3005 libri
204 2951 252 3006 tot
279 2948 449 3025 fragmenta
472 2966 624 3024 superesse
647 2949 826 3026 putaverim,
853 2953 889 3010 ut
912 2951 1011 3027 qualis
1035 2969 1128 3026 qnon-

111 3035 180 3094 dam
207 3035 325 3113 integer
352 3036 444 3095 iuen't
470 3037 559 3096 facile
587 3037 687 3097 animo
718 3038 830 3116 fingere
857 3039 943 3099 nobis
970 3040 1129 3115 possimus.

177 3122 291 3194 Quibus
309 3126 480 3201 praemissis
495 3126 533 3184 ad
547 3144 614 3185 eam
634 3129 864 3204 quamproprie
883 3128 939 3187 sibi
959 3131 1130 3204 sumpserat

109 3214 268 3273 materiam
291 3213 465 3292 aggreditur
488 3215 612 3292 agitque
635 3215 667 3273 in
691 3236 726 3276 eo
748 3217 834 3293 libr0,
858 3237 948 3294 quem
970 3236 1128 3276 numerare

110 3301 239 3362 solemus
263 3305 411 3380 quartum,
434 3303 470 3362 de
494 3303 621 3380 singulis
643 3305 795 3364 mensibus
818 3305 1007 3379 Laurentius,
1030 3306 1074 3364 ita
1092 3310 1130 3365 ut

109 3390 141 3449 in
165 3391 321 3451 duodecim
348 3393 449 3468 pertes
477 3392 631 3453 dividatur
657 3394 706 3453 hic
733 3394 822 3470 liber3
852 3395 958 3453 harum
985 3395 1128 3470 partium,

109 3485 145 3540 ut
167 3480 233 3539 fieri
256 3481 346 3556 solet,
374 3481 411 3539 ab
435 3481 683 3557 epitomatoribns
706 3483 802 3542 fusius
827 3486 857 3542 et
880 3483 1055 3561 diligentius
1080 3503 1127 3542 ex-

108 3573 229 3646 cerptae
253 3574 324 3629 sunt
346 3570 474 3646 priores,
501 3570 621 3630 brevius
649 3575 680 3630 et
706 3571 914 3650 neglegentius
938 3573 1127 3648 posteriores
