2556 3996
146 188 189 252 62
509 186 618 242 LIBER
636 185 791 242 TERTIUS

104 363 131 418 Y
145 361 215 428 τοῖς
239 348 366 416 ἑαυτῶν
388 350 524 426 δούλοις
547 349 738 433 ἐδούλευον,
762 349 850 426 ὅπως
872 351 916 434 μὴ
939 360 1011 426 ταῖς
1030 349 1176 434 ἀληθεί-

146 482 199 536 αις
234 459 415 542 νεμεσητόν
451 481 483 522 τι
514 459 683 532 παθόντες
719 457 767 532 εἰς
804 456 961 522 δουλείαν
997 460 1175 541 πολεμίων

144 562 381 630 καταπέσωσιν.
1264 589 1265 654 η

51 681 131 736 XYS
195 670 248 736 23
262 668 477 754 Ἐπιυέμησιν
496 666 533 734 δε
552 669 657 753 αυτὴν
636 668 826 754 νἘλληνες
846 669 881 734 ἐκ
898 679 959 736 τοῦ
973 671 1077 756 προίγ-
1063 681 1186 749 -RrIII,
1194 687 1226 735 16
1264 657 1265 760 1

118 801 246 862 ιματος
274 777 460 861 ὠνόμασαν.
511 774 564 841 ἐπὶ
596 777 660 862 γὰρ
694 779 780 862 ζυγῷ
812 779 992 860 γενόμενος
1021 777 1039 842 δ
1071 778 1173 860 ἥλιος
1239 735 1265 856 ἰ

76 895 132 949 XY
147 887 297 950 δείκνυσι
328 885 390 967 τὴν
419 894 487 948 τῶν
517 894 655 969 καρπῶν
684 885 855 967 ποιότητα·
891 881 961 948 κατ’
994 884 1075 967 αὐτη
1077 908 1098 948 ν
1056 881 1172 967 ηδέ

145 991 394 1077 φιλανθρώπως
429 991 462 1054 οἱ
498 990 600 1055 πόλαι
632 991 711 1066 τοὺς
744 992 871 1074 φόρους
903 999 973 1066 τοῖς
1005 990 1171 1074 ὑπηκόοις
1264 971 1265 1060 ἰ

145 1095 368 1181 ἐπένεμον,
351 1121 396 1172 ως
423 1098 467 1181 μὴ
494 1097 583 1183 παρδ
613 1097 674 1179 τὴν
701 1097 831 1162 τούτων
858 1095 1011 1162 ἐπίδοσιν
1039 1097 1170 1182 ἀσεβῶς

145 1205 279 1269 δοκοῖεν
305 1203 513 1289 βαρύνεσθαι
540 1205 574 1270 οἰ
601 1204 897 1289 φορολογούμενοι.
943 1205 1078 1280 εἰκότως
1102 1198 1169 1268 οὖν

105 1337 131 1376 10
145 1310 251 1394 αὐτὴν
279 1309 472 1395 ἐπινέμησιν
499 1308 603 1376 οἱονεὶ
631 1311 796 1394 διανομήν
824 1335 901 1375 τινα
929 1322 997 1375 τῶν
1028 1312 1168 1395 δασμῶν

146 1416 313 1483 ἐκάλεσαν.
359 1418 400 1483 οὐ
427 1419 491 1504 γδιρ
521 1413 564 1501 ἦν
592 1417 698 1493 οὕτως
725 1417 943 1500 ἀδυσώπητος
968 1417 989 1501 η
1012 1429 1081 1482 τῶν
1104 1419 1166 1501 φό-

146 1547 216 1609 ρων
243 1524 412 1611 είσπραξις
434 1524 510 1590 οὐδ’
539 1523 703 1611 ὡρισμένη
732 1547 783 1600 τις
805 1523 825 1607 ἢ
849 1529 977 1608 μᾶλλον
999 1522 1166 1608 αὐξομένη

144 1633 227 1696 κατὰ
250 1635 384 1718 μικρόν,
412 1632 497 1698 ἀλλὰ
523 1633 607 1711 πρὸς
629 1633 666 1696 τὸ
690 1632 845 1716 χρειῶδες
867 1641 936 1695 τῶν
958 1629 1166 1695 ἀνακυπτόυ-

104 1752 130 1805 Χ
145 1761 213 1803 των
242 1749 312 1815 τοῖς
341 1747 523 1824 κρατοῦσιν
555 1736 693 1820 ἐγένετο.
739 1737 842 1823 ταότη
873 1734 929 1802 καὶ
961 1735 1166 1821 ἐπιτάγματα

105 1869 131 1909 15
145 1846 224 1920 τοὺς
255 1848 383 1930 φόρους
415 1847 464 1910 ἔτι
495 1843 550 1909 καί
583 1854 648 1910 νῦν
674 1842 824 1910 Ἀσιανοὶ
855 1848 1026 1909 καλοῦσιν.
1082 1843 1165 1908 ὅθεν

110 2003 112 2008 .
146 1948 197 2015 ἐπ’
225 1952 358 2037 εἰρήνης
386 1950 659 2036 ἐναπονεμόντων
687 1949 740 2016 ἐπὶ
768 1956 924 2016 πλεῖστον
951 1947 1005 2014 καί
1033 1949 1072 2014 τὸ
1096 1955 1164 2015 λοι-

145 2058 211 2122 πὸν
234 2055 520 2143 συγχωρουμένων
548 2068 619 2134 τοῖς
648 2055 824 2122 συντελέσι
848 2067 915 2121 τῶν
934 2058 1067 2142 φόρων,
1097 2081 1164 2122 τοι-

146 2173 230 2229 αῦτα
257 2175 329 2241 ταῖς
355 2167 472 2229 πόλεσι
498 2163 692 2250 περιγέγονε
714 2163 906 2247 θαυμαστός
930 2164 1055 2248 λουτρὰ
1079 2161 1162 2246 λέγω

90 2271 92 2277 '
146 2268 201 2336 καὶ
234 2268 353 2356 ἀγοραὶ
389 2268 444 2335 καὶ
480 2271 614 2335 ὑδάτων
650 2267 743 2335 ὁλκοὶ
774 2271 913 2355 ἄπειρον
945 2269 1163 2356 εὐδαιμονίαν

107 2406 133 2444 εο
147 2389 214 2443 τῶν
237 2378 420 2463 οἰκητόρων
443 2378 668 2463 κηρύττουτες.

218 2588 243 2623 v.
270 2575 287 2623 4
314 2568 356 2624 ότι
384 2567 543 2640 ἐπινέμησις
571 2569 704 2624 ἐντεῦθεν
732 2568 840 2660 εἴρηται
871 2587 929 2637 παρ
932 2566 1084 2638 ’έλλησιν
1117 2569 1162 2622 ἐπὶ

147 2645 203 2695 κτλ.
222 2641 255 2709 Y,
275 2639 384 2710 ἐλληνες
403 2639 434 2696 δὲ
449 2638 638 2710 ἐέπινέμησιν
639 2661 655 2694 κ
668 2648 718 2694 τοῦ
732 2639 942 2710 πρόγματος-
957 2637 1164 2710 6ποιότηταδ

147 2712 262 2776 mm
218 2713 318 2803 ἰζυγῶ
338 2711 390 2782 γόιρ
410 2714 438 2766 Β
463 2715 466 2783 λ
492 2710 638 2804 γινόμενος
660 2712 717 2765 ΥΑ
797 2711 1008 2802 9βαρόνεσθοιι
1025 2712 1111 2782 τυχὸν
1130 2711 1161 2765 οό

147 2767 384 2876 φορολογοόμενοι
399 2783 741 2864 (φοραλογοόμενοιΑ)Χ,
760 2782 975 2876 βαρύνεσθαι
950 2802 977 2836 οι
991 2783 1161 2853 φορολογοό-

147 2874 225 2924 μενοι
249 2855 278 2908 Y
304 2858 307 2926 λ
338 2851 389 2910 οὖν
409 2854 487 2909 omis
507 2856 539 2908 X
643 2827 891 2923 9ἐπινέμησις
859 2873 911 2908 ουν
934 2853 1022 2908 οἰουελ
1042 2853 1160 2923 διανομὴ

147 2929 271 2997 δασμῶν·
292 2927 325 2980 οὐ
344 2925 397 2997 γόιρ
421 2926 450 2979 Υ
520 2931 553 2980 14
572 2923 685 2996 ἐγίνετο.
722 2925 833 2994 reliqua
851 2925 953 2979 desunt
976 2926 1005 2979 Y
