2556 3996
179 191 220 255 76
419 189 529 245 LIBER
547 189 724 256 QUARTUS.
753 189 953 244 IANUARIUS

83 363 164 418 XHS
178 364 249 430 τοῖς
275 365 403 431 κοινοῖς
428 353 594 438 πολέμους
621 358 748 440 βαρεῖς,
777 353 914 438 φθοράν
940 376 975 418 τε
1003 352 1194 439 ἀνθρώπων

177 459 232 526 καὶ
255 463 483 547 διαφερόντως
506 470 564 545 τῆς
585 464 740 537 νεολαίας
762 459 940 544 ἀνέμενον·
967 461 1051 525 κατὰ
1073 456 1110 524 δέ
1133 461 1193 542 τὴν

178 566 323 653 ἑβδόμην
337 579 482 653 χειμῶνα
500 565 562 651 μέν
580 568 711 644 πάντως
726 604 768 613 -
782 566 839 633 καὶ
852 568 916 653 μάρ
930 568 1059 653 ψυχρὸς
1072 566 1090 633 ὁ
1104 569 1193 652 Κρό-

176 699 301 751 νος-
325 675 500 761 εὐετηρίαν
526 698 561 740 τε
590 675 687 758 ὅσην,
716 673 786 740 ἐπεὶ
814 677 937 759 ἔφορος
963 685 1031 739 τῶν
1058 683 1193 759 καρπῶν

149 781 276 857 εαύτὸς
304 776 391 846 εἶναι
412 782 626 864 ὑπείληπται,
654 783 777 857 νόσους
799 804 834 845 τε
856 777 912 845 καὶ
935 780 1116 856 κινδύνους
1139 777 1192 844 καὶ

177 886 320 971 ἀνέμους
354 895 400 975 τῷ
434 887 528 973 θέρει
561 885 617 953 καὶ
651 888 790 971 χαλάζης
825 885 991 973 ἐπιφορὰν
1024 885 1100 973 περὶ
1135 887 1192 952 τὸν

176 1005 336 1079 καρκίνον
362 991 418 1058 καί
445 996 560 1078 φήμην
587 1004 658 1070 τοῖς
682 994 874 1078 πράγμασιν
896 992 1062 1077 ἀδόκητον
1084 994 1191 1058 οίωνί-

177 1103 281 1178 ζοντο.

143 1214 161 1269 S
246 1207 296 1271 11.
320 1204 391 1272 Ὅτι
418 1207 478 1271 τὸν
506 1208 645 1291 φοίνικά
672 1223 777 1291 φασιν
805 1208 862 1272 διά
884 1209 1112 1272 πεντακοσίων
1126 1213 1230 1270 deesth

137 1338 164 1377 ιο
178 1312 261 1378 έτῶν
284 1319 332 1389 είς
354 1336 429 1378 τινα
451 1315 557 1378 τόπον
579 1322 637 1396 τῆς
660 1315 729 1378 ἀνω
749 1311 871 1389 Ἰνδίας
893 1311 1042 1378 κατιέναι
1060 1311 1115 1379 καὶ
1132 1333 1190 1378 πα-

176 1421 390 1503 ρασκευάζειν
428 1418 533 1508 ἑαυτῷ
570 1422 607 1485 ἔκ
644 1443 680 1484 τε
715 1421 931 1504 κινναμώμου
967 1418 1023 1484 καὶ
1057 1420 1190 1504 φύλλων

176 1527 305 1611 νάρδου
327 1549 362 1591 τε
384 1524 440 1590 καὶ
463 1527 621 1611 μαράθου
643 1533 786 1609 θημῶνα
804 1525 989 1610 ἐπιβαίνειν
1006 1550 1042 1591 τε
1060 1527 1189 1592 τούτου·

177 1627 218 1698 οὗ
246 1635 354 1716 δῆθεν
381 1631 604 1716 έξαπτομένου
630 1633 697 1698 ὑπό
722 1656 814 1709 τινος
837 1633 1011 1717 οιίφνιδίου
1035 1635 1189 1718 δαίμονος

176 1739 280 1804 αὐτὸν
302 1735 364 1824 μέν
386 1739 627 1806 ἀναλίσκεσθαι
645 1747 691 1827 τῷ
709 1737 791 1825 πυρὶ
808 1741 869 1806 τὸν
887 1743 1038 1824 φοίνικα·
1061 1737 1130 1825 μετ’
1151 1737 1188 1804 οὐ

136 1871 162 1911 15
176 1847 262 1911 πολὺ
288 1842 325 1910 δὲ
349 1844 382 1924 ἐξ
406 1846 510 1912 αὐτοῦ
537 1849 771 1932 παραπλήσιον
794 1845 1007 1930 ἀναφύεσθαι
1032 1847 1187 1930 σκώληκα,
1256 1891 1257 1898 1

176 1950 462 2038 πτεροποιηθέντα
476 1949 514 2017 δέ
527 1961 725 2038 παραχρῆμα
740 1949 793 2017 έπὶ
806 1953 866 2017 τὸν
875 1953 972 2035 δόλιον
982 1951 1186 2018 ἀνίπτασθαι.

175 2060 352 2145 πράττεται
385 2055 422 2124 δέ
452 2068 551 2124 τοῦτο
581 2057 635 2123 ἐπὶ
663 2067 724 2123 τοῦ
753 2057 790 2123 έν
809 2058 929 2124 Ἡλίου
955 2062 1051 2125 πόλει
1080 2063 1187 2144 βωμοῦ

175 2167 258 2230 κατά
276 2166 336 2230 τὸν
344 2163 584 2230 Ἀπολλώνιον·
603 2165 808 2230 τούντεῦθεν
827 2166 869 2248 δὴ
887 2177 956 2231 τῶν
970 2164 1187 2244 ἐνδοξοτάτων

175 2273 259 2337 κατὰ
299 2273 362 2355 τὴν
396 2276 573 2353 Αίγυπτον
615 2274 853 2337 συνελθόντων
894 2283 997 2337 τινῶν
1032 2271 1187 2356 μετέωρος

136 2405 162 2444 εο
176 2377 294 2464 ἀρθεὶς
323 2379 404 2462 μετά
432 2387 654 2464 παραπομπῆς
683 2389 750 2444 τῶν
778 2376 1034 2464 ἀθροισθέντων
1063 2380 1187 2444 ἀπεισιν

176 2485 259 2550 ὅθεν
281 2479 370 2567 ἧκεν.

247 2591 296 2654 12.
316 2588 387 2655 Ὅτι
411 2592 602 2675 διοσημείας
624 2589 801 2675 γινομένης
828 2592 918 2678 παρὰ
936 2590 1108 2676 Ῥωμαίοις
1126 2597 1226 2656 deesth

177 2697 253 2762 οὔτε
278 2699 414 2783 στρατιά
437 2697 577 2763 ἐκινεῖτο
608 2699 684 2764 οὔτε
707 2697 861 2782 ἐκκλησία
884 2704 1105 2783 συνετελεῑτο,
1132 2697 1187 2764 κάν

177 2806 207 2869 εί
230 2804 354 2887 ὀλίγων
377 2806 532 2883 ψεκάδων
555 2803 699 2883 ἐπέψαυε
721 2804 866 2888 κώλυμα.

137 2937 163 2978 εε
246 2910 297 2974 13.
316 2908 388 2976 Ὅτι
417 2902 577 2999 ᾦτρόπφ
606 2911 624 2976 δ
647 2920 708 2975 τοῦ
731 2911 898 2995 μάγνητος
920 2914 1019 2988 λίθος
1040 2913 1100 2978 τὸν
1118 2918 1220 2976 RrIVn

177 3020 317 3104 σίδηρον
345 3015 396 3102 ἐφ’
430 3017 451 3083 δ
477 3029 618 3083 κινεῖται
648 3018 705 3082 διά
732 3017 793 3100 τὴν
822 3016 1000 3103 ἐμφέρειαν
1027 3027 1085 3101 τῆς
1112 3019 1186 3083 κατά

175 3126 236 3190 τὸν
263 3124 439 3209 ἀσώματον
467 3127 569 3208 λόγον
596 3123 779 3208 ὁμοουσίου
807 3124 979 3208 δυνάμεως
1006 3124 1186 3212 μεταφέρει,

246 3288 302 3336 v.3
323 3280 373 3350 μὲν
391 3280 470 3335 omia.
490 3282 522 3334 X
550 3284 554 3352 Ι
583 3282 692 3352 ψυχρὸς
714 3280 767 3352 γὰρ
791 3280 859 3348 ὄις,
882 3279 942 3335 ἐπεὶ
965 3282 1014 3335 καὶ
1036 3281 1146 3352 ψυχρὸς
1160 3279 1189 3334 H

176 3353 260 3407 ὁκαὶ
285 3349 406 3421 ἀνέμους
424 3351 502 3406 omis.
521 3352 557 3405 H
648 3351 786 3422 6χαλάζη
806 3352 838 3404 Χ
931 3357 946 3405 7
966 3350 1141 3418 οἰωνίζονται
1157 3351 1187 3406 Η

177 3429 211 3477 10
230 3422 271 3484 είς
288 3442 352 3478 τινα
370 3421 459 3478 τόπον
476 3431 526 3493 τῆς
544 3423 602 3479 ἀνω
622 3421 723 3493 ίνδίας,
741 3423 773 3477 in
789 3439 877 3493 marg.
896 3444 937 3494 ηρ.
953 3424 993 3486 εἰς
1011 3423 1149 3494 αίηνπτον
1161 3422 1185 3489 δ,

175 3493 308 3618 Ξοῐλεεεεμ
327 3494 367 3574 είς
380 3493 521 3563 Αἴγυπτον
540 3493 571 3549 ἐκ
589 3503 638 3564 τῆς
656 3494 715 3550 ἀνω
726 3493 831 3556 Ἰνδίας
904 3499 935 3547 11
956 3495 1062 3563 φύλλου
1077 3496 1106 3564 S,
1124 3495 1186 3565 φάλ-

192 3585 231 3620 ων
250 3581 349 3633 scnpsl
