2556 3996
171 213 213 277 68
413 211 522 266 LIBER
540 211 717 278 QUARTUS.
744 211 946 268 IANUARIUS

129 375 287 461 ΡῬώμης
314 375 497 462 ἀκρόπολιν
524 377 588 462 πρὸ
616 385 674 460 τῆς
700 380 885 462 παρουσίας
908 379 1049 443 Αἰνείου
1076 377 1205 461 εὑρεῖν

169 481 224 548 ἐπὶ
253 491 314 548 τοῦ
341 485 446 549 τόπου
475 483 609 567 δάφνην
635 484 718 548 κατά
744 483 849 568 τύχην
875 481 930 548 καὶ
959 483 1064 559 οὑτως
1085 484 1203 548 πάλιν

171 589 264 655 ἐᾶσαι
292 589 397 673 αὐτὴν
425 589 529 655 ἐκεῖσε
555 587 738 674 διαμένειν·
765 588 821 654 καὶ
849 591 906 654 διά
932 599 1031 655 τοῦτο
1059 587 1112 654 καί
1136 589 1203 655 ἐν-

169 703 281 761 ταῦθα
311 698 458 781 Δάφνην
492 696 782 782 προσαγορεύουσι
818 697 855 762 τὸ
889 697 1070 762 Παλάτιον.
1126 697 1202 780 τὴν

144 803 306 887 ιδάφνην
343 799 380 868 δὲ
418 805 449 869 οἱ
488 801 623 869 παλαιοὶ
659 811 705 890 τῷ
735 801 921 868 Ἀπόλλωνι
958 809 1198 889 καθιεροῦσιν,

107 919 155 973 Ps
172 909 222 974 ὅτι
250 910 356 995 πυρὸς
383 915 505 994 πλῆρες
533 912 570 974 τὸ
599 911 707 994 φυτὸν
735 911 780 986 ὥς
803 926 907 994 φησιν
930 909 948 976 6
973 910 1201 996 Πλούταρχος

133 1014 227 1080 Ρκαὶ
257 1015 275 1082 6
301 1013 474 1081 Ἀπόλλων
502 1026 584 1102 πῦρ·
617 1015 634 1081 6
664 1016 758 1099 ἥλιος
787 1018 850 1102 γάρ
881 1016 981 1082 ἐστιν.
1023 1017 1105 1082 ὅθεν
1134 1015 1199 1082 καὶ

173 1121 396 1206 ἀπεχθάνεται
420 1125 555 1208 δαίμοσι
577 1132 677 1188 τοῦτο
700 1124 737 1188 τὸ
757 1125 866 1207 φυτὸν
883 1122 939 1187 οιαὶ
958 1126 1061 1190 ἔνθεν
1078 1123 1120 1188 άν
1140 1131 1198 1207 εἴη

171 1229 294 1312 δάφνη,
318 1227 468 1294 ἐκποδὼν
487 1230 653 1314 δαίμονες,
676 1228 740 1294 κάν
758 1239 829 1306 ταῖς
851 1233 1022 1314 μαντείαις
1040 1233 1197 1306 καίοντες

130 1361 156 1400 ιο
170 1334 295 1419 ταύτην
318 1335 350 1400 οἱ
374 1337 549 1421 άνθρωποι
572 1337 781 1422 παράστασιν
803 1339 1008 1422 προφητείας
1032 1338 1198 1402 δοκοῦσιν

106 1453 154 1506 Ps
170 1441 354 1528 εὑρηκέναι.
383 1440 415 1507 οἱ
429 1445 641 1528 παλαιότεροι
657 1439 694 1507 δὲ
708 1441 854 1530 τῷἍρει
867 1444 929 1526 την
941 1443 1075 1527 δάφνην
1084 1442 1197 1508 άνετί-

169 1555 291 1632 θησαν,
307 1550 340 1615 ολ
359 1544 396 1612 δὲ
414 1547 482 1632 μετ’
501 1548 624 1625 αὐτοὺς
638 1556 683 1636 τῷ
696 1547 811 1636 Ἡλίφ,
830 1549 914 1615 ὅθεν
932 1548 987 1614 καὶ
1001 1552 1081 1627 τοὺς
1099 1575 1197 1634 νικη-

169 1657 227 1731 τάς
240 1665 309 1719 τῶν
321 1658 491 1739 πολεμίων
504 1656 650 1740 δάφναις
664 1659 816 1740 ἔστεφον,
830 1657 939 1742 ὥσπερ
954 1659 1034 1733 τοὺς
1043 1665 1196 1743 σωτῆρας

170 1761 273 1825 πάλιν
286 1770 325 1846 τῇ
341 1762 431 1847 δρυΐ,
446 1763 502 1827 διδι
515 1763 553 1828 τὸ
569 1765 737 1848 σωτηρίαν
749 1773 820 1839 τοῖς
833 1763 935 1828 πάλαι
949 1764 1014 1849 πρὸ
1028 1771 1086 1846 τῆς
1096 1764 1196 1847 εὑρή-
1274 1835 1275 1840 1

129 1894 156 1934 15
171 1883 253 1943 σεως
266 1876 327 1931 τοῦ
342 1871 437 1933 σίτου
454 1870 516 1952 την
535 1870 620 1955 δρῦν
639 1876 855 1953 γεγενῆσθαι·
873 1870 1042 1953 βαλάνους
1055 1871 1119 1956 γὰρ
1133 1872 1195 1954 ἦσ-

130 1986 153 2038 Χ
169 1980 251 2039 θιον
265 1975 298 2038 οἱ
310 1972 447 2039 παλαιοὶ
462 1973 537 2040 άντὶ
552 1980 655 2041 σίτου.
692 1976 710 2043 6
728 1971 765 2040 δὲ
775 1974 987 2053 Ἐλπιδιανὸς
1002 1976 1039 2042 ἐν
1054 1984 1101 2065 τῷ
1115 1975 1193 2062 περὶ

172 2078 297 2167 ἑορτῶν
315 2083 462 2167 στρήναν
480 2084 542 2166 την
558 2083 676 2166 ὑγείαν
693 2092 732 2168 τῇ
748 2086 908 2167 Σαβίνων
923 2092 1019 2168 φωνῇ
1034 2082 1196 2166 λέγεσθαί

103 2198 156 2251 XP
171 2205 269 2271 φησι,
302 2185 349 2252 δι’
383 2187 425 2271 ἣν
453 2189 565 2273 φύλλα
595 2190 726 2273 δάφνης
754 2188 926 2254 ἐπεδίδοτο
954 2200 1024 2266 τοῖς
1052 2191 1192 2275 άρχουσι

170 2296 259 2379 παρά
290 2303 351 2360 τοῦ
384 2296 563 2380 δημου’τχ”γ
596 2297 709 2381 πρώτη
742 2305 803 2360 τοῦ
831 2293 1043 2380 Ἰανουαρίου
1075 2299 1192 2379 μηνός·

81 2410 158 2464 XPS
173 2401 287 2482 ὑγείας
315 2401 379 2487 γάρ
408 2401 500 2467 ἐστιν
525 2401 709 2487 ἐργαστικη.
760 2398 839 2467 οὑδὲ
862 2404 925 2485 γάρ
951 2403 1025 2486 ἱερὰ
1047 2404 1146 2478 νόσος
1170 2402 1190 2488 ἢ

14 2527 16 2534 ’
131 2535 156 2573 ει
171 2509 300 2590 δαίμων
323 2510 428 2594 βαρὺς
456 2507 626 2593 ἐνοχλησει
653 2516 700 2596 τῷ
723 2510 812 2596 τόπφ
836 2507 873 2572 ἐν
897 2499 924 2595 ᾧ
948 2508 1066 2591 δάφνη
1091 2507 1189 2592 ἐστίν,

243 2681 267 2718 v.
284 2669 300 2716 6
318 2662 341 2718 S
356 2663 427 2718 haec
445 2664 546 2719 habet:
566 2663 608 2719 ὅτι
628 2666 661 2719 οῦ
695 2663 756 2734 ἱερὰ
770 2662 852 2727 νόσος
866 2667 922 2735 (20)
938 2697 974 2705 -
987 2683 1014 2735 p.
1027 2671 1095 2735 69,1
1113 2676 1189 2737 συκῆ.

173 2732 216 2789 ὅτι
244 2734 408 2804 σαεδαστιιιή
437 2734 591 2804 φασμάτων
619 2685 687 2790 ἐστί·
715 2735 802 2805 ταὺτη
831 2735 859 2790 οἱ
877 2768 913 2776 -
931 2736 1189 2809 μεταλαμβάνουσιν
1271 2745 1272 2802 ί

173 2808 209 2876 (p.
226 2811 269 2873 68,
278 2808 307 2875 4)
326 2805 363 2868 ὥς
376 2824 463 2876 φησιν
482 2806 497 2860 6
516 2807 698 2877 πλούταρχος,
716 2807 804 2876 πυρὸς
821 2804 923 2876 πλῆρές
941 2807 998 2862 ἐστι
1015 2808 1047 2862 τὸ
1062 2818 1188 2864 τοιοῦτον

173 2874 273 2946 φυτόν,
291 2877 341 2931 καὶ
359 2876 407 2931 διὰ
425 2885 507 2932 τοῦτο
527 2875 677 2949 ἀπείχοντο
696 2875 835 2947 δαίμονες.
872 2879 921 2933 καὶ
941 2879 968 2933 οἱ
987 2877 1037 2948 μὲν
1053 2879 1140 2934 πάλαι
1152 2890 1188 2934 τῦ

173 2947 236 3017 άρει
249 2956 331 3003 τοῦτο
349 2946 526 3018 ἀνετίθεσαν,
545 2951 593 3004 καὶ
612 2949 661 3004 διὰ
679 2958 761 3003 τοῦτο
779 2951 845 3011 τοὺς
863 2949 979 3020 νιαητδις
995 2959 1052 3005 τῶν
1065 2949 1188 3019 πολέμου

172 3017 298 3089 δάφναις
308 3018 432 3088 ἔστεφον.
461 3020 488 3074 οἱ
503 3019 534 3075 δὲ
549 3018 606 3090 μετ’
620 3021 723 3082 αὑτοὺς
735 3029 773 3074 τῶ
782 3017 859 3089 ἡλίω.
887 3023 953 3083 τοὺς
962 3019 993 3075 δὲ
1004 3030 1128 3092 σωτῆρας
1135 3031 1186 3076 τῶν

172 3089 280 3146 πόλεων
299 3089 439 3160 δρυϊδίοις
457 3091 585 3161 ἔστεφον·
604 3101 643 3146 τῶ
662 3099 764 3162 σωτῆρι
777 3101 836 3154 τοῖς
849 3091 938 3146 πάλαι
951 3094 1000 3148 καὶ
1014 3093 1123 3162 τροφὴν
1136 3093 1185 3160 πρὸ

172 3171 224 3286 {⁰¹}
239 3159 682 3288 6206‘62665626‘2'536
706 3161 1188 3289 10⁶⁰6‘015'6062‘0660ffi33

173 3254 359 3374 τηςνδάφνης,
379 3304 421 3360 ὅτι
439 3307 488 3360 καὶ
507 3290 602 3375 ὑγείάς
619 3277 694 3360 ἐστίὺ
710 3304 869 3376 ἑργαστιιιή·
889 3278 960 3360 ὅθεν
973 3256 1022 3360 τιγαὶ
1036 3306 1126 3374 φύλλα
1139 3256 1185 3360 αὑ-

173 3383 222 3446 τῆς
240 3373 403 3432 ἐνεδίδοντο
422 3385 481 3440 τοῖς
499 3375 615 3446 άρχουσι
637 3376 716 3446 παρὰ
734 3385 784 3432 τοῦ
802 3376 894 3446 δήμου
911 3384 945 3446 τῆ
964 3377 1058 3447 πρώτη
1077 3385 1127 3432 τοῦ
1144 3377 1185 3432 ία-

173 3445 309 3516 νουαρίου
323 3447 420 3519 μηνός·
436 3447 503 3504 οὑδὲ
518 3448 571 3519 γάρ
586 3451 641 3519 (20)
655 3453 711 3505 κτλ.
727 3451 772 3521 ΡΙ
789 3448 804 3503 ὑ
820 3447 851 3503 δέ
865 3447 1026 3511 ἐλπιδιανδς
1035 3481 1070 3490 -
1081 3454 1114 3504 18
1128 3447 1184 3503 ἐτε-

173 3516 282 3573 δίδοτο·
302 3521 463 3590 ὑγιαστιιιδν
482 3518 514 3575 δὲ
528 3521 560 3575 ιδ
575 3519 677 3590 φυτόν·
698 3520 764 3577 οὑδὲ
778 3519 831 3592 γάρ
846 3521 878 3574 Χ
950 3527 982 3575 17
1002 3521 1159 3591 στρῆνανΑ
1178 3523 1182 3594 Ι

174 3588 291 3662 σαβίνον
309 3592 357 3662 ΑΙ
374 3601 454 3664 φωνῇ
473 3594 509 3663 Α,
528 3594 634 3665 γλάσση
653 3595 682 3649 Β
753 3599 786 3648 21
807 3590 916 3662 δαίμων
934 3597 1102 3664 παρενοχλεῖ
1117 3594 1144 3648 Ρ
