<?xml version="1.0" encoding="UTF-8"?>
<!DOCTYPE html PUBLIC "-//W3C//DTD XHTML 1.0 Transitional//EN"
    "http://www.w3.org/TR/xhtml1/DTD/xhtml1-transitional.dtd">
<html xmlns="http://www.w3.org/1999/xhtml" xml:lang="en" lang="en">
 <head>
  <title>
</title>
<meta http-equiv="Content-Type" content="text/html;charset=utf-8" />
  <meta name='ocr-system' content='tesseract 3.04.00' />
  <meta name='ocr-capabilities' content='ocr_page ocr_carea ocr_par ocr_line ocrx_word'/>
</head>
<body>
  <div class='ocr_page' id='page_1' title='image "./ioannislaurenti01wuengoog_0284.png"; bbox 0 0 2530 3988; ppageno 0'>
   <div class='ocr_carea' id='block_1_1' title="bbox 319 131 1216 236">
    <p class='ocr_par' dir='ltr' id='par_1_1' title="bbox 319 131 1216 236">
     <span class='ocr_line' id='line_1_1' title="bbox 319 131 1216 236; baseline 0.017 -12"><span class='ocrx_word' id='word_1_1' title='bbox 319 169 548 224; x_wconf 81' lang='lat' dir='ltr'><strong>FRAGMENTA</strong></span> <span class='ocrx_word' id='word_1_2' title='bbox 565 170 749 226; x_wconf 82' lang='lat' dir='ltr'><strong>INGERTAE</strong></span> <span class='ocrx_word' id='word_1_3' title='bbox 769 171 871 226; x_wconf 79' lang='lat' dir='ltr'>SEDIS</span> <span class='ocrx_word' id='word_1_4' title='bbox 1041 173 1104 236; x_wconf 76' lang='grc'>179</span> <span class='ocrx_word' id='word_1_5' title='bbox 1213 131 1216 138; x_wconf 33' lang='grc' dir='ltr'>Ι</span> 
     </span>
    </p>
   </div>
   <div class='ocr_carea' id='block_1_2' title="bbox 13 332 1145 1789">
    <p class='ocr_par' dir='ltr' id='par_1_2' title="bbox 13 332 1145 1789">
     <span class='ocr_line' id='line_1_2' title="bbox 80 332 1139 421; baseline 0.003 -22"><span class='ocrx_word' id='word_1_6' title='bbox 80 334 307 419; x_wconf 79' lang='grc' dir='ltr'><strong><em>Κλεοπάτραν</em></strong></span> <span class='ocrx_word' id='word_1_7' title='bbox 326 334 431 400; x_wconf 74' lang='grc' dir='ltr'><strong><em>Γάϊον</em></strong></span> <span class='ocrx_word' id='word_1_8' title='bbox 448 337 641 420; x_wconf 76' lang='grc' dir='ltr'><strong><em>Κορνήλιον</em></strong></span> <span class='ocrx_word' id='word_1_9' title='bbox 660 335 794 400; x_wconf 92' lang='grc' dir='ltr'><strong><em>Γάλλον</em></strong></span> <span class='ocrx_word' id='word_1_10' title='bbox 813 342 870 418; x_wconf 87' lang='grc' dir='ltr'><strong><em>τής</em></strong></span> <span class='ocrx_word' id='word_1_11' title='bbox 888 336 925 399; x_wconf 90' lang='grc' dir='ltr'><strong><em>τὸ</em></strong></span> <span class='ocrx_word' id='word_1_12' title='bbox 944 333 1026 421; x_wconf 77' lang='grc' dir='ltr'><strong><em>πρὶν</em></strong></span> <span class='ocrx_word' id='word_1_13' title='bbox 1044 332 1106 421; x_wconf 75' lang='grc' dir='ltr'><strong><em>μὲν</em></strong></span> <span class='ocrx_word' id='word_1_14' title='bbox 1121 345 1139 402; x_wconf 86' lang='lat' dir='ltr'>S</span> 
     </span>
     <span class='ocr_line' id='line_1_3' title="bbox 73 435 1105 526; baseline 0.003 -21"><span class='ocrx_word' id='word_1_15' title='bbox 73 438 210 526; x_wconf 85' lang='grc' dir='ltr'><strong><em>Ἀερίας</em></strong></span> <span class='ocrx_word' id='word_1_16' title='bbox 242 435 313 506; x_wconf 82' lang='grc' dir='ltr'><strong><em>εἶτα</em></strong></span> <span class='ocrx_word' id='word_1_17' title='bbox 341 444 513 526; x_wconf 86' lang='grc' dir='ltr'><strong><em>Ποταμίας</em></strong></span> <span class='ocrx_word' id='word_1_18' title='bbox 548 450 613 506; x_wconf 88' lang='grc' dir='ltr'><strong><em>νῦν</em></strong></span> <span class='ocrx_word' id='word_1_19' title='bbox 645 438 682 506; x_wconf 79' lang='grc' dir='ltr'><strong><em>δέ</em></strong></span> <span class='ocrx_word' id='word_1_20' title='bbox 717 438 895 525; x_wconf 76' lang='grc' dir='ltr'><strong><em>λεγομένης</em></strong></span> <span class='ocrx_word' id='word_1_21' title='bbox 929 443 1105 524; x_wconf 74' lang='grc' dir='ltr'><strong><em>Αἰγύπτου</em></strong></span> 
     </span>
     <span class='ocr_line' id='line_1_4' title="bbox 79 545 1105 633; baseline 0.004 -22"><span class='ocrx_word' id='word_1_22' title='bbox 79 545 301 633; x_wconf 82' lang='grc' dir='ltr'><strong><em>προέστησεν,</em></strong></span> <span class='ocrx_word' id='word_1_23' title='bbox 324 546 580 631; x_wconf 82' lang='grc' dir='ltr'><strong><em>Αύγουστάλιον</em></strong></span> <span class='ocrx_word' id='word_1_24' title='bbox 608 548 712 614; x_wconf 87' lang='grc' dir='ltr'><strong><em>αὐτὸν</em></strong></span> <span class='ocrx_word' id='word_1_25' title='bbox 736 547 771 613; x_wconf 84' lang='grc' dir='ltr'><strong><em>ἐκ</em></strong></span> <span class='ocrx_word' id='word_1_26' title='bbox 794 557 855 612; x_wconf 87' lang='grc' dir='ltr'><strong><em>τού</em></strong></span> <span class='ocrx_word' id='word_1_27' title='bbox 881 549 1006 613; x_wconf 75' lang='grc' dir='ltr'><strong><em>οἰκείου</em></strong></span> <span class='ocrx_word' id='word_1_28' title='bbox 1029 549 1105 616; x_wconf 84' lang='grc' dir='ltr'><strong><em>ὀνό-</em></strong></span> 
     </span>
     <span class='ocr_line' id='line_1_5' title="bbox 81 651 1105 740; baseline 0.002 -22"><span class='ocrx_word' id='word_1_29' title='bbox 81 677 191 738; x_wconf 85' lang='grc' dir='ltr'><strong><em>ματος</em></strong></span> <span class='ocrx_word' id='word_1_30' title='bbox 213 658 389 720; x_wconf 83' lang='grc' dir='ltr'><strong><em>καλεῖσθαι</em></strong></span> <span class='ocrx_word' id='word_1_31' title='bbox 416 657 594 736; x_wconf 79' lang='grc' dir='ltr'><strong><em>θεσπίσας,</em></strong></span> <span class='ocrx_word' id='word_1_32' title='bbox 621 655 724 740; x_wconf 91' lang='grc' dir='ltr'><strong><em>ταύτη</em></strong></span> <span class='ocrx_word' id='word_1_33' title='bbox 752 651 807 719; x_wconf 86' lang='grc' dir='ltr'><strong><em>καὶ</em></strong></span> <span class='ocrx_word' id='word_1_34' title='bbox 830 652 1105 737; x_wconf 86' lang='grc' dir='ltr'><strong><em>Αὐγουσταλίους</em></strong></span> 
     </span>
     <span class='ocr_line' id='line_1_6' title="bbox 80 759 1145 868; baseline 0.005 -44"><span class='ocrx_word' id='word_1_35' title='bbox 80 761 166 836; x_wconf 86' lang='grc' dir='ltr'><strong><em>τοὺς</em></strong></span> <span class='ocrx_word' id='word_1_36' title='bbox 188 759 362 844; x_wconf 88' lang='grc' dir='ltr'><strong><em>ὑποφήτας</em></strong></span> <span class='ocrx_word' id='word_1_37' title='bbox 384 771 451 826; x_wconf 87' lang='grc' dir='ltr'><strong><em>τῶν</em></strong></span> <span class='ocrx_word' id='word_1_38' title='bbox 472 760 633 846; x_wconf 83' lang='grc' dir='ltr'><strong><em>ὑπάρχων</em></strong></span> <span class='ocrx_word' id='word_1_39' title='bbox 656 765 830 826; x_wconf 83' lang='grc' dir='ltr'><strong><em>καλεῖσθαι</em></strong></span> <span class='ocrx_word' id='word_1_40' title='bbox 850 762 961 868; x_wconf 86' lang='grc' dir='ltr'><strong><em>νόμος.</em></strong></span> <span class='ocrx_word' id='word_1_41' title='bbox 997 760 1048 825; x_wconf 81' lang='grc' dir='ltr'><strong><em>ὅτι</em></strong></span> <span class='ocrx_word' id='word_1_42' title='bbox 1068 760 1104 826; x_wconf 85' lang='grc' dir='ltr'><strong><em>έν</em></strong></span> <span class='ocrx_word' id='word_1_43' title='bbox 1133 789 1145 829; x_wconf 86' lang='lat'>5</span> 
     </span>
     <span class='ocr_line' id='line_1_7' title="bbox 80 862 1105 952; baseline 0 -20"><span class='ocrx_word' id='word_1_44' title='bbox 80 877 160 942; x_wconf 85' lang='grc' dir='ltr'><strong><em>ταῖς</em></strong></span> <span class='ocrx_word' id='word_1_45' title='bbox 182 868 265 932; x_wconf 82' lang='grc' dir='ltr'><strong><em>κατὰ</em></strong></span> <span class='ocrx_word' id='word_1_46' title='bbox 285 867 322 931; x_wconf 90' lang='grc' dir='ltr'><strong><em>τὸ</em></strong></span> <span class='ocrx_word' id='word_1_47' title='bbox 341 867 514 933; x_wconf 82' lang='grc' dir='ltr'><strong><em>Παλάτιον</em></strong></span> <span class='ocrx_word' id='word_1_48' title='bbox 532 865 664 945; x_wconf 82' lang='grc' dir='ltr'><strong><em>τάξεσιν</em></strong></span> <span class='ocrx_word' id='word_1_49' title='bbox 681 862 767 952; x_wconf 78' lang='grc' dir='ltr'><strong><em>ἦσαν</em></strong></span> <span class='ocrx_word' id='word_1_50' title='bbox 784 865 839 932; x_wconf 82' lang='grc' dir='ltr'><strong><em>καὶ</em></strong></span> <span class='ocrx_word' id='word_1_51' title='bbox 854 867 1105 951; x_wconf 85' lang='grc' dir='ltr'><strong><em>Αίγουστάλιοι,</em></strong></span> 
     </span>
     <span class='ocr_line' id='line_1_8' title="bbox 80 971 1105 1060; baseline 0.002 -22"><span class='ocrx_word' id='word_1_52' title='bbox 80 972 147 1049; x_wconf 84' lang='grc' dir='ltr'><strong><em>οὓς</em></strong></span> <span class='ocrx_word' id='word_1_53' title='bbox 166 971 324 1056; x_wconf 87' lang='grc' dir='ltr'><strong><em>Ἕλληνες</em></strong></span> <span class='ocrx_word' id='word_1_54' title='bbox 352 975 621 1060; x_wconf 83' lang='grc' dir='ltr'><strong><em>σεβαστοφόρους</em></strong></span> <span class='ocrx_word' id='word_1_55' title='bbox 648 979 803 1058; x_wconf 87' lang='grc' dir='ltr'><strong><em>καλοῦσι,</em></strong></span> <span class='ocrx_word' id='word_1_56' title='bbox 832 976 890 1051; x_wconf 89' lang='grc' dir='ltr'><strong><em>τδις</em></strong></span> <span class='ocrx_word' id='word_1_57' title='bbox 919 985 987 1040; x_wconf 85' lang='grc' dir='ltr'><strong><em>τῶν</em></strong></span> <span class='ocrx_word' id='word_1_58' title='bbox 1013 981 1105 1040; x_wconf 81' lang='grc' dir='ltr'><strong><em>θεῶν</em></strong></span> 
     </span>
     <span class='ocr_line' id='line_1_9' title="bbox 79 1077 1105 1166; baseline 0.003 -21"><span class='ocrx_word' id='word_1_59' title='bbox 79 1083 195 1165; x_wconf 86' lang='grc' dir='ltr'><strong><em>θήκας</em></strong></span> <span class='ocrx_word' id='word_1_60' title='bbox 217 1077 272 1144; x_wconf 81' lang='grc' dir='ltr'><strong><em>καλ</em></strong></span> <span class='ocrx_word' id='word_1_61' title='bbox 295 1082 374 1157; x_wconf 87' lang='grc' dir='ltr'><strong><em>τοὺς</em></strong></span> <span class='ocrx_word' id='word_1_62' title='bbox 396 1092 464 1146; x_wconf 85' lang='grc' dir='ltr'><strong><em>τῶν</em></strong></span> <span class='ocrx_word' id='word_1_63' title='bbox 481 1081 647 1166; x_wconf 78' lang='grc' dir='ltr'><strong><em>βασιλέων</em></strong></span> <span class='ocrx_word' id='word_1_64' title='bbox 664 1081 790 1157; x_wconf 82' lang='grc' dir='ltr'><strong><em>τύπους</em></strong></span> <span class='ocrx_word' id='word_1_65' title='bbox 808 1083 1032 1166; x_wconf 83' lang='grc' dir='ltr'><strong><em>φυλάττοντες</em></strong></span> <span class='ocrx_word' id='word_1_66' title='bbox 1049 1081 1105 1148; x_wconf 78' lang='grc' dir='ltr'><strong><em>καὶ</em></strong></span> 
     </span>
     <span class='ocr_line' id='line_1_10' title="bbox 79 1187 341 1270; baseline -0.004 -19"><span class='ocrx_word' id='word_1_67' title='bbox 79 1188 148 1270; x_wconf 81' lang='grc' dir='ltr'><strong><em>τήν</em></strong></span> <span class='ocrx_word' id='word_1_68' title='bbox 171 1187 341 1270; x_wconf 80' lang='grc' dir='ltr'><strong><em>τήβεννον.</em></strong></span> 
     </span>
     <span class='ocr_line' id='line_1_11' title="bbox 22 1291 1145 1382; baseline 0.006 -25"><span class='ocrx_word' id='word_1_69' title='bbox 22 1303 158 1360; x_wconf 80' lang='lat' dir='ltr'>deesth</span> <span class='ocrx_word' id='word_1_70' title='bbox 181 1293 203 1356; x_wconf 82' lang='grc'>4</span> <span class='ocrx_word' id='word_1_71' title='bbox 227 1301 309 1368; x_wconf 91' lang='grc'>(166).</span> <span class='ocrx_word' id='word_1_72' title='bbox 331 1291 401 1358; x_wconf 86' lang='grc' dir='ltr'><strong><em>Ὅτι</em></strong></span> <span class='ocrx_word' id='word_1_73' title='bbox 425 1294 611 1381; x_wconf 78' lang='grc' dir='ltr'><strong><em>Εὐριπίδης</em></strong></span> <span class='ocrx_word' id='word_1_74' title='bbox 635 1294 672 1360; x_wconf 87' lang='grc' dir='ltr'><strong><em>έν</em></strong></span> <span class='ocrx_word' id='word_1_75' title='bbox 690 1292 807 1380; x_wconf 87' lang='grc' dir='ltr'><strong><em>Ἑλένη</em></strong></span> <span class='ocrx_word' id='word_1_76' title='bbox 829 1293 905 1381; x_wconf 79' lang='grc' dir='ltr'><strong><em>περὶ</em></strong></span> <span class='ocrx_word' id='word_1_77' title='bbox 929 1299 1105 1382; x_wconf 78' lang='grc' dir='ltr'><strong><em>Σειρήνων</em></strong></span> <span class='ocrx_word' id='word_1_78' title='bbox 1119 1325 1145 1364; x_wconf 82' lang='grc' dir='ltr'><strong><em>ιο</em></strong></span> 
     </span>
     <span class='ocr_line' id='line_1_12' title="bbox 13 1399 317 1492; baseline -0.007 -27"><span class='ocrx_word' id='word_1_79' title='bbox 13 1487 18 1492; x_wconf 25' lang='lat'>¹</span> <span class='ocrx_word' id='word_1_80' title='bbox 80 1404 175 1484; x_wconf 87' lang='grc' dir='ltr'><strong><em>λέγει</em></strong></span> <span class='ocrx_word' id='word_1_81' title='bbox 199 1399 317 1476; x_wconf 83' lang='grc' dir='ltr'><strong><em>οὕτως·</em></strong></span> 
     </span>
     <span class='ocr_line' id='line_1_13' title="bbox 376 1492 754 1576; baseline 0.005 -22"><span class='ocrx_word' id='word_1_82' title='bbox 376 1493 580 1576; x_wconf 84' lang='grc' dir='ltr'><strong><em>πτεροφόροι</em></strong></span> <span class='ocrx_word' id='word_1_83' title='bbox 603 1492 754 1567; x_wconf 89' lang='grc' dir='ltr'><strong><em>νεάνιδες</em></strong></span> 
     </span>
     <span class='ocr_line' id='line_1_14' title="bbox 376 1595 818 1682; baseline 0 -21"><span class='ocrx_word' id='word_1_84' title='bbox 376 1595 541 1682; x_wconf 80' lang='grc' dir='ltr'><strong><em>παρθένοι</em></strong></span> <span class='ocrx_word' id='word_1_85' title='bbox 564 1598 699 1674; x_wconf 88' lang='grc' dir='ltr'><strong><em>Χθονὸς</em></strong></span> <span class='ocrx_word' id='word_1_86' title='bbox 720 1599 818 1682; x_wconf 82' lang='grc' dir='ltr'><strong><em>κόραι</em></strong></span> 
     </span>
     <span class='ocr_line' id='line_1_15' title="bbox 376 1707 548 1789; baseline 0.006 -22"><span class='ocrx_word' id='word_1_87' title='bbox 376 1707 548 1789; x_wconf 82' lang='grc' dir='ltr'><strong><em>Σειρῆνες,</em></strong></span> 
     </span>
    </p>
   </div>
   <div class='ocr_carea' id='block_1_3' title="bbox 25 1825 1144 3196">
    <p class='ocr_par' dir='ltr' id='par_1_3' title="bbox 79 1825 1143 2020">
     <span class='ocr_line' id='line_1_16' title="bbox 79 1825 1143 1916; baseline 0.002 -22"><span class='ocrx_word' id='word_1_88' title='bbox 79 1828 100 1894; x_wconf 99' lang='lat'>6</span> <span class='ocrx_word' id='word_1_89' title='bbox 128 1825 158 1892; x_wconf 87' lang='grc' dir='ltr'><strong><em>δ’</em></strong></span> <span class='ocrx_word' id='word_1_90' title='bbox 178 1825 406 1914; x_wconf 85' lang='grc' dir='ltr'><strong><em>Ἀριστοτέλης</em></strong></span> <span class='ocrx_word' id='word_1_91' title='bbox 430 1828 467 1894; x_wconf 83' lang='grc' dir='ltr'><strong><em>ἐν</em></strong></span> <span class='ocrx_word' id='word_1_92' title='bbox 493 1827 606 1916; x_wconf 79' lang='grc' dir='ltr'><strong><em>πέπλῳ</em></strong></span> <span class='ocrx_word' id='word_1_93' title='bbox 634 1829 856 1915; x_wconf 80' lang='grc' dir='ltr'><strong><em>ὀνομάζεσθαι</em></strong></span> <span class='ocrx_word' id='word_1_94' title='bbox 885 1827 986 1904; x_wconf 85' lang='grc' dir='ltr'><strong><em>αύτδις</em></strong></span> <span class='ocrx_word' id='word_1_95' title='bbox 1012 1827 1102 1911; x_wconf 90' lang='grc' dir='ltr'><strong><em>λέγει</em></strong></span> <span class='ocrx_word' id='word_1_96' title='bbox 1116 1855 1143 1896; x_wconf 76' lang='grc' dir='ltr'><strong><em>ιε</em></strong></span> 
     </span>
     <span class='ocr_line' id='line_1_17' title="bbox 83 1933 764 2020; baseline 0.003 -22"><span class='ocrx_word' id='word_1_97' title='bbox 83 1933 302 2012; x_wconf 81' lang='grc' dir='ltr'><strong><em>Θελξιέπειαν</em></strong></span> <span class='ocrx_word' id='word_1_98' title='bbox 319 1933 555 2020; x_wconf 87' lang='grc' dir='ltr'><strong><em>Ἀγλαοφήμην</em></strong></span> <span class='ocrx_word' id='word_1_99' title='bbox 579 1939 764 2019; x_wconf 89' lang='grc' dir='ltr'><strong><em>Πασινόην.</em></strong></span> 
     </span>
    </p>

    <p class='ocr_par' dir='ltr' id='par_1_4' title="bbox 25 2040 1144 3088">
     <span class='ocr_line' id='line_1_18' title="bbox 25 2040 1103 2128; baseline 0.002 -24"><span class='ocrx_word' id='word_1_100' title='bbox 25 2051 156 2108; x_wconf 78' lang='lat' dir='ltr'>deesth</span> <span class='ocrx_word' id='word_1_101' title='bbox 178 2040 200 2106; x_wconf 80' lang='lat'>5</span> <span class='ocrx_word' id='word_1_102' title='bbox 224 2051 306 2118; x_wconf 79' lang='lat'>(167).</span> <span class='ocrx_word' id='word_1_103' title='bbox 331 2041 403 2108; x_wconf 93' lang='grc' dir='ltr'><strong><em>Ὅτι</em></strong></span> <span class='ocrx_word' id='word_1_104' title='bbox 422 2042 577 2128; x_wconf 83' lang='grc' dir='ltr'><strong><em>Ῥωμαίος</em></strong></span> <span class='ocrx_word' id='word_1_105' title='bbox 600 2042 618 2108; x_wconf 89' lang='grc' dir='ltr'><strong><em>ό</em></strong></span> <span class='ocrx_word' id='word_1_106' title='bbox 645 2043 771 2126; x_wconf 82' lang='grc' dir='ltr'><strong><em>Φάβιος</em></strong></span> <span class='ocrx_word' id='word_1_107' title='bbox 794 2045 931 2127; x_wconf 86' lang='grc' dir='ltr'><strong><em>καιρίας</em></strong></span> <span class='ocrx_word' id='word_1_108' title='bbox 960 2040 1103 2128; x_wconf 83' lang='grc' dir='ltr'><strong><em>τρωθεὶς</em></strong></span> 
     </span>
     <span class='ocr_line' id='line_1_19' title="bbox 82 2146 1103 2236; baseline -0.002 -22"><span class='ocrx_word' id='word_1_109' title='bbox 82 2147 141 2214; x_wconf 81' lang='grc' dir='ltr'><strong><em>ἐπὶ</em></strong></span> <span class='ocrx_word' id='word_1_110' title='bbox 173 2157 232 2213; x_wconf 89' lang='grc' dir='ltr'><strong><em>τοῦ</em></strong></span> <span class='ocrx_word' id='word_1_111' title='bbox 262 2150 396 2236; x_wconf 82' lang='grc' dir='ltr'><strong><em>πρώτου</em></strong></span> <span class='ocrx_word' id='word_1_112' title='bbox 424 2154 620 2215; x_wconf 83' lang='grc' dir='ltr'><strong><em>Φοινικικοῦ</em></strong></span> <span class='ocrx_word' id='word_1_113' title='bbox 650 2147 797 2234; x_wconf 87' lang='grc' dir='ltr'><strong><em>πολέμου</em></strong></span> <span class='ocrx_word' id='word_1_114' title='bbox 824 2147 892 2234; x_wconf 85' lang='grc' dir='ltr'><strong><em>μετ’</em></strong></span> <span class='ocrx_word' id='word_1_115' title='bbox 920 2148 1022 2234; x_wconf 85' lang='grc' dir='ltr'><strong><em>ὀργής</em></strong></span> <span class='ocrx_word' id='word_1_116' title='bbox 1050 2146 1103 2214; x_wconf 81' lang='grc' dir='ltr'><strong><em>ἐπὶ</em></strong></span> 
     </span>
     <span class='ocr_line' id='line_1_20' title="bbox 81 2253 1103 2341; baseline -0.001 -22"><span class='ocrx_word' id='word_1_117' title='bbox 81 2256 146 2320; x_wconf 89' lang='grc' dir='ltr'><strong><em>τὸν</em></strong></span> <span class='ocrx_word' id='word_1_118' title='bbox 164 2253 321 2339; x_wconf 85' lang='grc' dir='ltr'><strong><em>Ἀννίβαν</em></strong></span> <span class='ocrx_word' id='word_1_119' title='bbox 345 2253 493 2339; x_wconf 80' lang='grc' dir='ltr'><strong><em>ἐνεχθεὶς</em></strong></span> <span class='ocrx_word' id='word_1_120' title='bbox 519 2254 574 2322; x_wconf 81' lang='grc' dir='ltr'><strong><em>καὶ</em></strong></span> <span class='ocrx_word' id='word_1_121' title='bbox 598 2255 747 2341; x_wconf 84' lang='grc' dir='ltr'><strong><em>ἁρπάσας</em></strong></span> <span class='ocrx_word' id='word_1_122' title='bbox 770 2255 874 2321; x_wconf 85' lang='grc' dir='ltr'><strong><em>αὐτοῦ</em></strong></span> <span class='ocrx_word' id='word_1_123' title='bbox 897 2255 934 2320; x_wconf 86' lang='grc' dir='ltr'><strong><em>τὸ</em></strong></span> <span class='ocrx_word' id='word_1_124' title='bbox 959 2255 1103 2339; x_wconf 89' lang='grc' dir='ltr'><strong><em>διάδημα</em></strong></span> 
     </span>
     <span class='ocr_line' id='line_1_21' title="bbox 82 2359 1144 2450; baseline 0.001 -22"><span class='ocrx_word' id='word_1_125' title='bbox 82 2361 294 2428; x_wconf 78' lang='grc' dir='ltr'><strong><em>ἐναπέθανεν</em></strong></span> <span class='ocrx_word' id='word_1_126' title='bbox 321 2362 419 2450; x_wconf 79' lang='grc' dir='ltr'><strong><em>αὐτῷ.</em></strong></span> <span class='ocrx_word' id='word_1_127' title='bbox 466 2361 503 2427; x_wconf 81' lang='grc' dir='ltr'><strong><em>έν</em></strong></span> <span class='ocrx_word' id='word_1_128' title='bbox 530 2370 576 2450; x_wconf 78' lang='grc' dir='ltr'><strong><em>τῷ</em></strong></span> <span class='ocrx_word' id='word_1_129' title='bbox 600 2367 754 2450; x_wconf 79' lang='grc' dir='ltr'><strong><em>Περσικῷ</em></strong></span> <span class='ocrx_word' id='word_1_130' title='bbox 782 2360 822 2427; x_wconf 89' lang='grc' dir='ltr'><strong><em>δέ</em></strong></span> <span class='ocrx_word' id='word_1_131' title='bbox 847 2377 952 2446; x_wconf 89' lang='grc' dir='ltr'><strong><em>φησιν</em></strong></span> <span class='ocrx_word' id='word_1_132' title='bbox 979 2359 1103 2446; x_wconf 81' lang='grc' dir='ltr'><strong><em>ὁἏρι-</em></strong></span> <span class='ocrx_word' id='word_1_133' title='bbox 1117 2391 1144 2429; x_wconf 76' lang='grc' dir='ltr'><strong><em>ιο</em></strong></span> 
     </span>
     <span class='ocr_line' id='line_1_22' title="bbox 82 2468 1104 2556; baseline -0.001 -21"><span class='ocrx_word' id='word_1_134' title='bbox 82 2469 228 2551; x_wconf 89' lang='grc' dir='ltr'><strong><em>στείδης,</em></strong></span> <span class='ocrx_word' id='word_1_135' title='bbox 252 2469 303 2533; x_wconf 85' lang='grc' dir='ltr'><strong><em>ὅτι</em></strong></span> <span class='ocrx_word' id='word_1_136' title='bbox 323 2470 494 2552; x_wconf 80' lang='grc' dir='ltr'><strong><em>Λεωνίδης</em></strong></span> <span class='ocrx_word' id='word_1_137' title='bbox 517 2468 535 2534; x_wconf 92' lang='lat'>6</span> <span class='ocrx_word' id='word_1_138' title='bbox 555 2470 736 2556; x_wconf 88' lang='grc' dir='ltr'><strong><em>στρατηγὸς</em></strong></span> <span class='ocrx_word' id='word_1_139' title='bbox 754 2470 962 2554; x_wconf 88' lang='grc' dir='ltr'><strong><em>θεασάμενος</em></strong></span> <span class='ocrx_word' id='word_1_140' title='bbox 980 2469 1017 2534; x_wconf 91' lang='grc' dir='ltr'><strong><em>τὸ</em></strong></span> <span class='ocrx_word' id='word_1_141' title='bbox 1036 2479 1104 2534; x_wconf 82' lang='grc' dir='ltr'><strong><em>τῶν</em></strong></span> 
     </span>
     <span class='ocr_line' id='line_1_23' title="bbox 82 2574 1104 2662; baseline -0.001 -20"><span class='ocrx_word' id='word_1_142' title='bbox 82 2581 231 2660; x_wconf 81' lang='grc' dir='ltr'><strong><em>Περσῶν</em></strong></span> <span class='ocrx_word' id='word_1_143' title='bbox 252 2581 383 2660; x_wconf 77' lang='grc' dir='ltr'><strong><em>πλῆθος</em></strong></span> <span class='ocrx_word' id='word_1_144' title='bbox 405 2574 442 2641; x_wconf 88' lang='grc' dir='ltr'><strong><em>έν</em></strong></span> <span class='ocrx_word' id='word_1_145' title='bbox 463 2576 694 2662; x_wconf 82' lang='grc' dir='ltr'><strong><em>Θερμοπύλαις</em></strong></span> <span class='ocrx_word' id='word_1_146' title='bbox 712 2574 859 2658; x_wconf 76' lang='grc' dir='ltr'><strong><em>ἐπῆλθεν</em></strong></span> <span class='ocrx_word' id='word_1_147' title='bbox 878 2576 914 2641; x_wconf 80' lang='grc' dir='ltr'><strong><em>ἐκ</em></strong></span> <span class='ocrx_word' id='word_1_148' title='bbox 932 2585 993 2641; x_wconf 89' lang='grc' dir='ltr'><strong><em>τοῦ</em></strong></span> <span class='ocrx_word' id='word_1_149' title='bbox 1013 2575 1104 2641; x_wconf 83' lang='grc' dir='ltr'><strong><em>ἐναν-</em></strong></span> 
     </span>
     <span class='ocr_line' id='line_1_24' title="bbox 82 2681 1104 2769; baseline -0.001 -21"><span class='ocrx_word' id='word_1_150' title='bbox 82 2685 162 2748; x_wconf 90' lang='grc' dir='ltr'><strong><em>τίου</em></strong></span> <span class='ocrx_word' id='word_1_151' title='bbox 189 2693 259 2758; x_wconf 77' lang='grc' dir='ltr'><strong><em>τοῖς</em></strong></span> <span class='ocrx_word' id='word_1_152' title='bbox 285 2687 457 2768; x_wconf 90' lang='grc' dir='ltr'><strong><em>πολεμίοις</em></strong></span> <span class='ocrx_word' id='word_1_153' title='bbox 483 2681 538 2748; x_wconf 85' lang='grc' dir='ltr'><strong><em>καὶ</em></strong></span> <span class='ocrx_word' id='word_1_154' title='bbox 567 2682 715 2768; x_wconf 79' lang='grc' dir='ltr'><strong><em>ἀπείροις</em></strong></span> <span class='ocrx_word' id='word_1_155' title='bbox 742 2681 936 2769; x_wconf 81' lang='grc' dir='ltr'><strong><em>περιπαρεὶς</em></strong></span> <span class='ocrx_word' id='word_1_156' title='bbox 963 2684 1104 2768; x_wconf 90' lang='grc' dir='ltr'><strong><em>δόρασιν</em></strong></span> 
     </span>
     <span class='ocr_line' id='line_1_25' title="bbox 83 2787 1103 2876; baseline -0.004 -20"><span class='ocrx_word' id='word_1_157' title='bbox 83 2787 140 2856; x_wconf 81' lang='grc' dir='ltr'><strong><em>ἐπὶ</em></strong></span> <span class='ocrx_word' id='word_1_158' title='bbox 160 2787 287 2874; x_wconf 76' lang='grc' dir='ltr'><strong><em>Ξέρξην</em></strong></span> <span class='ocrx_word' id='word_1_159' title='bbox 305 2789 430 2872; x_wconf 84' lang='grc' dir='ltr'><strong><em>έπήλθε</em></strong></span> <span class='ocrx_word' id='word_1_160' title='bbox 448 2789 503 2855; x_wconf 82' lang='grc' dir='ltr'><strong><em>καὶ</em></strong></span> <span class='ocrx_word' id='word_1_161' title='bbox 521 2792 754 2876; x_wconf 85' lang='grc' dir='ltr'><strong><em>περιελόμενος</em></strong></span> <span class='ocrx_word' id='word_1_162' title='bbox 777 2789 882 2854; x_wconf 85' lang='grc' dir='ltr'><strong><em>αὐτοῦ</em></strong></span> <span class='ocrx_word' id='word_1_163' title='bbox 901 2789 938 2853; x_wconf 88' lang='grc' dir='ltr'><strong><em>τὸ</em></strong></span> <span class='ocrx_word' id='word_1_164' title='bbox 957 2789 1103 2872; x_wconf 91' lang='grc' dir='ltr'><strong><em>διάδημα</em></strong></span> 
     </span>
     <span class='ocr_line' id='line_1_26' title="bbox 83 2890 1143 2981; baseline 0.001 -19"><span class='ocrx_word' id='word_1_165' title='bbox 83 2893 294 2975; x_wconf 81' lang='grc' dir='ltr'><strong><em>ἐξέπνευσεν·</em></strong></span> <span class='ocrx_word' id='word_1_166' title='bbox 327 2895 499 2980; x_wconf 84' lang='grc' dir='ltr'><strong><em>ύνατεμὼν</em></strong></span> <span class='ocrx_word' id='word_1_167' title='bbox 531 2893 568 2961; x_wconf 79' lang='grc' dir='ltr'><strong><em>δέ</em></strong></span> <span class='ocrx_word' id='word_1_168' title='bbox 596 2896 699 2960; x_wconf 86' lang='grc' dir='ltr'><strong><em>αὐτὸν</em></strong></span> <span class='ocrx_word' id='word_1_169' title='bbox 727 2895 745 2961; x_wconf 94' lang='lat'>6</span> <span class='ocrx_word' id='word_1_170' title='bbox 774 2894 907 2981; x_wconf 89' lang='grc' dir='ltr'><strong><em>Πέρσης</em></strong></span> <span class='ocrx_word' id='word_1_171' title='bbox 936 2890 1013 2980; x_wconf 89' lang='grc' dir='ltr'><strong><em>εὗρε</em></strong></span> <span class='ocrx_word' id='word_1_172' title='bbox 1042 2895 1103 2977; x_wconf 84' lang='grc' dir='ltr'><strong><em>τήν</em></strong></span> <span class='ocrx_word' id='word_1_173' title='bbox 1117 2921 1143 2962; x_wconf 81' lang='lat'><strong><em>25</em></strong></span> 
     </span>
     <span class='ocr_line' id='line_1_27' title="bbox 83 2999 1103 3088; baseline -0.007 -18"><span class='ocrx_word' id='word_1_174' title='bbox 83 3004 229 3088; x_wconf 79' lang='grc' dir='ltr'><strong><em>καρδίαν</em></strong></span> <span class='ocrx_word' id='word_1_175' title='bbox 252 3003 355 3068; x_wconf 82' lang='grc' dir='ltr'><strong><em>αὐτοῦ</em></strong></span> <span class='ocrx_word' id='word_1_176' title='bbox 384 3002 419 3068; x_wconf 80' lang='grc' dir='ltr'><strong><em>ἐκ</em></strong></span> <span class='ocrx_word' id='word_1_177' title='bbox 446 3012 504 3086; x_wconf 73' lang='grc' dir='ltr'><strong><em>τῆς</em></strong></span> <span class='ocrx_word' id='word_1_178' title='bbox 532 3002 682 3087; x_wconf 84' lang='grc' dir='ltr'><strong><em>ἐμφύτου</em></strong></span> <span class='ocrx_word' id='word_1_179' title='bbox 703 3001 831 3088; x_wconf 91' lang='grc' dir='ltr'><strong><em>θέρμης</em></strong></span> <span class='ocrx_word' id='word_1_180' title='bbox 853 2999 1103 3088; x_wconf 81' lang='grc' dir='ltr'><strong><em>τετριχωμένην.</em></strong></span> 
     </span>
    </p>

    <p class='ocr_par' dir='ltr' id='par_1_5' title="bbox 32 3106 1103 3196">
     <span class='ocr_line' id='line_1_28' title="bbox 32 3106 1103 3196; baseline 0 -24"><span class='ocrx_word' id='word_1_181' title='bbox 32 3120 157 3175; x_wconf 78' lang='lat' dir='ltr'>deesth</span> <span class='ocrx_word' id='word_1_182' title='bbox 181 3109 201 3174; x_wconf 87' lang='grc'><strong>6</strong></span> <span class='ocrx_word' id='word_1_183' title='bbox 225 3117 308 3185; x_wconf 88' lang='grc'>(168).</span> <span class='ocrx_word' id='word_1_184' title='bbox 323 3107 394 3175; x_wconf 91' lang='grc' dir='ltr'><strong><em>Ὅτι</em></strong></span> <span class='ocrx_word' id='word_1_185' title='bbox 408 3109 426 3175; x_wconf 94' lang='lat'>6</span> <span class='ocrx_word' id='word_1_186' title='bbox 440 3113 581 3196; x_wconf 83' lang='grc' dir='ltr'><strong><em>Νουμᾶς</em></strong></span> <span class='ocrx_word' id='word_1_187' title='bbox 596 3110 674 3176; x_wconf 91' lang='grc' dir='ltr'><strong><em>δέκα</em></strong></span> <span class='ocrx_word' id='word_1_188' title='bbox 691 3106 884 3195; x_wconf 88' lang='grc' dir='ltr'><strong><em>παρθένους</em></strong></span> <span class='ocrx_word' id='word_1_189' title='bbox 901 3107 1045 3192; x_wconf 73' lang='grc' dir='ltr'><strong><em>ἀνέθηκε</em></strong></span> <span class='ocrx_word' id='word_1_190' title='bbox 1063 3117 1103 3193; x_wconf 73' lang='grc' dir='ltr'><strong><em>τῇ</em></strong></span> 
     </span>
    </p>
   </div>
   <div class='ocr_carea' id='block_1_4' title="bbox 158 3265 1103 3336">
    <p class='ocr_par' dir='ltr' id='par_1_6' title="bbox 158 3265 1103 3336">
     <span class='ocr_line' id='line_1_29' title="bbox 158 3265 1103 3336; baseline -0.004 -15"><span class='ocrx_word' id='word_1_191' title='bbox 158 3285 183 3320; x_wconf 81' lang='grc' dir='ltr'><strong><em>ν.</em></strong></span> <span class='ocrx_word' id='word_1_192' title='bbox 204 3272 238 3321; x_wconf 86' lang='grc'>10</span> <span class='ocrx_word' id='word_1_193' title='bbox 261 3265 326 3320; x_wconf 86' lang='lat' dir='ltr'>Eur.</span> <span class='ocrx_word' id='word_1_194' title='bbox 350 3265 411 3320; x_wconf 85' lang='lat' dir='ltr'>Hel.</span> <span class='ocrx_word' id='word_1_195' title='bbox 439 3272 491 3321; x_wconf 77' lang='grc'>167</span> <span class='ocrx_word' id='word_1_196' title='bbox 503 3284 563 3336; x_wconf 80' lang='lat' dir='ltr'><strong>sqq.</strong></span> <span class='ocrx_word' id='word_1_197' title='bbox 674 3272 707 3321; x_wconf 80' lang='lat'><strong><em>15</em></strong></span> <span class='ocrx_word' id='word_1_198' title='bbox 736 3267 769 3320; x_wconf 84' lang='lat' dir='ltr'><strong><em>cf.</em></strong></span> <span class='ocrx_word' id='word_1_199' title='bbox 798 3266 876 3320; x_wconf 67' lang='lat' dir='ltr'>Euat.</span> <span class='ocrx_word' id='word_1_200' title='bbox 904 3265 935 3318; x_wconf 87' lang='lat'><strong><em>11.</em></strong></span> <span class='ocrx_word' id='word_1_201' title='bbox 966 3271 1048 3332; x_wconf 77' lang='lat'>1709,</span> <span class='ocrx_word' id='word_1_202' title='bbox 1067 3269 1103 3316; x_wconf 82' lang='lat'><strong><em>45</em></strong></span> 
     </span>
    </p>
   </div>
   <div class='ocr_carea' id='block_1_5' title="bbox 85 3335 1103 3492">
    <p class='ocr_par' dir='ltr' id='par_1_7' title="bbox 85 3335 1103 3492">
     <span class='ocr_line' id='line_1_30' title="bbox 85 3335 1103 3408; baseline -0.003 -16"><span class='ocrx_word' id='word_1_203' title='bbox 85 3345 101 3406; x_wconf 64' lang='grc' dir='ltr'><strong><em>ς</em></strong></span> <span class='ocrx_word' id='word_1_204' title='bbox 121 3343 173 3392; x_wconf 71' lang='grc'>162</span> <span class='ocrx_word' id='word_1_205' title='bbox 191 3336 360 3392; x_wconf 76' lang='lat' dir='ltr'>Plutarchus</span> <span class='ocrx_word' id='word_1_206' title='bbox 374 3341 541 3407; x_wconf 78' lang='lat' dir='ltr'><strong>personatus</strong></span> <span class='ocrx_word' id='word_1_207' title='bbox 556 3341 606 3408; x_wconf 81' lang='lat' dir='ltr'><strong>est,</strong></span> <span class='ocrx_word' id='word_1_208' title='bbox 625 3338 728 3404; x_wconf 78' lang='lat' dir='ltr'><strong>Parall.</strong></span> <span class='ocrx_word' id='word_1_209' title='bbox 743 3337 810 3391; x_wconf 89' lang='lat' dir='ltr'>min.</span> <span class='ocrx_word' id='word_1_210' title='bbox 825 3356 851 3407; x_wconf 87' lang='lat' dir='ltr'><strong><em>p.</em></strong></span> <span class='ocrx_word' id='word_1_211' title='bbox 868 3335 952 3392; x_wconf 87' lang='grc' dir='ltr'>306Ε</span> <span class='ocrx_word' id='word_1_212' title='bbox 971 3339 1001 3391; x_wconf 80' lang='lat' dir='ltr'><strong><em>et</em></strong></span> <span class='ocrx_word' id='word_1_213' title='bbox 1014 3335 1048 3405; x_wconf 91' lang='lat' dir='ltr'><strong><em>D,</em></strong></span> <span class='ocrx_word' id='word_1_214' title='bbox 1068 3335 1103 3389; x_wconf 83' lang='lat' dir='ltr'><strong><em>cf.</em></strong></span> 
     </span>
     <span class='ocr_line' id='line_1_31' title="bbox 85 3407 626 3492; baseline 0 -28"><span class='ocrx_word' id='word_1_215' title='bbox 85 3408 226 3464; x_wconf 78' lang='lat' dir='ltr'><strong>Aristides</strong></span> <span class='ocrx_word' id='word_1_216' title='bbox 244 3407 296 3478; x_wconf 82' lang='lat' dir='ltr'><strong>frg.</strong></span> <span class='ocrx_word' id='word_1_217' title='bbox 313 3414 355 3478; x_wconf 86' lang='grc'><strong><em>21,</em></strong></span> <span class='ocrx_word' id='word_1_218' title='bbox 375 3408 457 3463; x_wconf 82' lang='lat' dir='ltr'><strong><em>FHG</em></strong></span> <span class='ocrx_word' id='word_1_219' title='bbox 475 3409 514 3464; x_wconf 89' lang='lat' dir='ltr'><strong><em>IV</em></strong></span> <span class='ocrx_word' id='word_1_220' title='bbox 532 3428 557 3479; x_wconf 91' lang='lat' dir='ltr'><strong><em>p.</em></strong></span> <span class='ocrx_word' id='word_1_221' title='bbox 574 3416 626 3492; x_wconf 74' lang='grc'><strong><em>324</em></strong></span> 
     </span>
    </p>
   </div>
   <div class='ocr_carea' id='block_1_6' title="bbox 158 3550 943 3694">
    <p class='ocr_par' dir='ltr' id='par_1_8' title="bbox 158 3550 943 3694">
     <span class='ocr_line' id='line_1_32' title="bbox 158 3550 816 3622; baseline -0.008 -12"><span class='ocrx_word' id='word_1_222' title='bbox 158 3558 174 3619; x_wconf 69' lang='grc' dir='ltr'>ξ</span> <span class='ocrx_word' id='word_1_223' title='bbox 194 3556 245 3610; x_wconf 84' lang='grc'>168</span> <span class='ocrx_word' id='word_1_224' title='bbox 264 3550 354 3622; x_wconf 86' lang='lat' dir='ltr'><strong>primo</strong></span> <span class='ocrx_word' id='word_1_225' title='bbox 372 3551 493 3607; x_wconf 77' lang='lat' dir='ltr'><strong>fortasse</strong></span> <span class='ocrx_word' id='word_1_226' title='bbox 511 3551 585 3607; x_wconf 83' lang='lat' dir='ltr'><strong>libro</strong></span> <span class='ocrx_word' id='word_1_227' title='bbox 604 3555 647 3606; x_wconf 76' lang='lat' dir='ltr'><strong><em>est</em></strong></span> <span class='ocrx_word' id='word_1_228' title='bbox 664 3551 816 3606; x_wconf 79' lang='lat' dir='ltr'>tribuenda</span> 
     </span>
     <span class='ocr_line' id='line_1_33' title="bbox 890 3641 943 3694; baseline 0 0"><span class='ocrx_word' id='word_1_229' title='bbox 890 3641 943 3694; x_wconf 82' lang='lat'><strong><em>12*</em></strong></span> 
     </span>
    </p>
   </div>
   <div class='ocr_carea' id='block_1_7' title="bbox 0 0 1273 3988">
    <p class='ocr_par' dir='ltr' id='par_1_9' title="bbox 0 0 1273 3988">
     <span class='ocr_line' id='line_1_34' title="bbox 0 0 1273 3988; baseline 0 0"><span class='ocrx_word' id='word_1_230' title='bbox 0 0 1273 3988; x_wconf 95' lang='lat' dir='ltr'><strong><em> </em></strong></span> 
     </span>
    </p>
   </div>
  </div>
 </body>
</html>
