<?xml version="1.0" encoding="UTF-8"?>
<!DOCTYPE html PUBLIC "-//W3C//DTD XHTML 1.0 Transitional//EN"
    "http://www.w3.org/TR/xhtml1/DTD/xhtml1-transitional.dtd">
<html xmlns="http://www.w3.org/1999/xhtml" xml:lang="en" lang="en">
 <head>
  <title>
</title>
<meta http-equiv="Content-Type" content="text/html;charset=utf-8" />
  <meta name='ocr-system' content='tesseract 3.04.00' />
  <meta name='ocr-capabilities' content='ocr_page ocr_carea ocr_par ocr_line ocrx_word'/>
</head>
<body>
  <div class='ocr_page' id='page_1' title='image "./ioannislaurenti01wuengoog_0159.png"; bbox 0 0 2556 3996; ppageno 0'>
   <div class='ocr_carea' id='block_1_1' title="bbox 163 192 810 258">
    <p class='ocr_par' dir='ltr' id='par_1_1' title="bbox 163 192 810 258">
     <span class='ocr_line' id='line_1_1' title="bbox 163 192 810 258; baseline 0.009 -15"><span class='ocrx_word' id='word_1_1' title='bbox 163 193 207 258; x_wconf 81' lang='lat'><strong><em>54</em></strong></span> <span class='ocrx_word' id='word_1_2' title='bbox 528 192 638 248; x_wconf 75' lang='lat' dir='ltr'><strong>LIBER</strong></span> <span class='ocrx_word' id='word_1_3' title='bbox 654 193 810 249; x_wconf 84' lang='lat' dir='ltr'>TERTIUS</span> 
     </span>
    </p>
   </div>
   <div class='ocr_carea' id='block_1_2' title="bbox 90 354 1276 2576">
    <p class='ocr_par' dir='ltr' id='par_1_2' title="bbox 122 354 1197 762">
     <span class='ocr_line' id='line_1_2' title="bbox 122 354 1197 442; baseline 0.003 -21"><span class='ocrx_word' id='word_1_4' title='bbox 122 367 148 420; x_wconf 84' lang='lat' dir='ltr'>X</span> <span class='ocrx_word' id='word_1_5' title='bbox 162 354 238 442; x_wconf 84' lang='grc' dir='ltr'><strong><em>περὶ</em></strong></span> <span class='ocrx_word' id='word_1_6' title='bbox 261 358 301 422; x_wconf 85' lang='grc' dir='ltr'><strong><em>τά</em></strong></span> <span class='ocrx_word' id='word_1_7' title='bbox 325 358 409 423; x_wconf 88' lang='grc' dir='ltr'><strong><em>ἀλλα</em></strong></span> <span class='ocrx_word' id='word_1_8' title='bbox 432 359 544 442; x_wconf 86' lang='grc' dir='ltr'><strong><em>ἀστρα.</em></strong></span> <span class='ocrx_word' id='word_1_9' title='bbox 584 361 694 442; x_wconf 82' lang='grc' dir='ltr'><strong><em>Θαλῆς</em></strong></span> <span class='ocrx_word' id='word_1_10' title='bbox 713 354 750 423; x_wconf 71' lang='grc' dir='ltr'><strong><em>δὲ</em></strong></span> <span class='ocrx_word' id='word_1_11' title='bbox 773 356 829 422; x_wconf 82' lang='grc' dir='ltr'><strong><em>καὶ</em></strong></span> <span class='ocrx_word' id='word_1_12' title='bbox 853 360 885 424; x_wconf 80' lang='grc' dir='ltr'><strong><em>οἱ</em></strong></span> <span class='ocrx_word' id='word_1_13' title='bbox 909 356 964 424; x_wconf 86' lang='grc' dir='ltr'><strong><em>ἀπ’</em></strong></span> <span class='ocrx_word' id='word_1_14' title='bbox 993 357 1097 424; x_wconf 85' lang='grc' dir='ltr'><strong><em>αὐτοῦ</em></strong></span> <span class='ocrx_word' id='word_1_15' title='bbox 1117 360 1197 424; x_wconf 89' lang='grc' dir='ltr'><strong><em>ὑπὸ</em></strong></span> 
     </span>
     <span class='ocr_line' id='line_1_3' title="bbox 163 461 1197 550; baseline 0.003 -22"><span class='ocrx_word' id='word_1_16' title='bbox 163 472 223 528; x_wconf 87' lang='grc' dir='ltr'><strong><em>τοῦ</em></strong></span> <span class='ocrx_word' id='word_1_17' title='bbox 248 461 346 546; x_wconf 87' lang='grc' dir='ltr'><strong><em>ήλίου</em></strong></span> <span class='ocrx_word' id='word_1_18' title='bbox 376 467 579 548; x_wconf 78' lang='grc' dir='ltr'><strong><em>φωτίζεσθαι</em></strong></span> <span class='ocrx_word' id='word_1_19' title='bbox 609 465 671 548; x_wconf 84' lang='grc' dir='ltr'><strong><em>τήν</em></strong></span> <span class='ocrx_word' id='word_1_20' title='bbox 701 465 845 548; x_wconf 80' lang='grc' dir='ltr'><em>σελήνην</em></span> <span class='ocrx_word' id='word_1_21' title='bbox 875 463 1058 550; x_wconf 87' lang='grc' dir='ltr'><strong><em>ένέκριναυ.</em></strong></span> <span class='ocrx_word' id='word_1_22' title='bbox 1104 465 1124 530; x_wconf 79' lang='grc' dir='ltr'>ὅ</span> <span class='ocrx_word' id='word_1_23' title='bbox 1151 491 1197 549; x_wconf 90' lang='grc' dir='ltr'><strong><em>γε</em></strong></span> 
     </span>
     <span class='ocr_line' id='line_1_4' title="bbox 161 569 1193 656; baseline 0.002 -21"><span class='ocrx_word' id='word_1_24' title='bbox 161 571 228 654; x_wconf 88' lang='grc' dir='ltr'><strong><em>μήν</em></strong></span> <span class='ocrx_word' id='word_1_25' title='bbox 253 569 468 656; x_wconf 89' lang='grc' dir='ltr'><strong><em>Ἡράκλειτος</em></strong></span> <span class='ocrx_word' id='word_1_26' title='bbox 495 571 532 636; x_wconf 88' lang='grc' dir='ltr'><strong><em>τὸ</em></strong></span> <span class='ocrx_word' id='word_1_27' title='bbox 563 570 644 635; x_wconf 88' lang='grc' dir='ltr'><strong><em>αὐτὸ</em></strong></span> <span class='ocrx_word' id='word_1_28' title='bbox 674 570 880 636; x_wconf 79' lang='grc' dir='ltr'><strong><em>πεπονθέναι</em></strong></span> <span class='ocrx_word' id='word_1_29' title='bbox 912 571 973 636; x_wconf 92' lang='grc' dir='ltr'><strong><em>τὸν</em></strong></span> <span class='ocrx_word' id='word_1_30' title='bbox 1002 572 1099 654; x_wconf 84' lang='grc' dir='ltr'><strong><em>ήλιον</em></strong></span> <span class='ocrx_word' id='word_1_31' title='bbox 1130 571 1193 637; x_wconf 82' lang='grc' dir='ltr'><strong><em>καὶ</em></strong></span> 
     </span>
     <span class='ocr_line' id='line_1_5' title="bbox 161 677 1193 762; baseline 0.003 -22"><span class='ocrx_word' id='word_1_32' title='bbox 161 678 223 760; x_wconf 84' lang='grc' dir='ltr'><strong><em>τήν</em></strong></span> <span class='ocrx_word' id='word_1_33' title='bbox 246 681 388 762; x_wconf 91' lang='grc' dir='ltr'><strong><em>σελήνην</em></strong></span> <span class='ocrx_word' id='word_1_34' title='bbox 412 680 507 761; x_wconf 89' lang='grc' dir='ltr'><strong><em>φησί·</em></strong></span> <span class='ocrx_word' id='word_1_35' title='bbox 532 678 740 760; x_wconf 76' lang='grc' dir='ltr'><strong><em>σκαφοειδεῖς</em></strong></span> <span class='ocrx_word' id='word_1_36' title='bbox 763 677 826 762; x_wconf 83' lang='grc' dir='ltr'><strong><em>γάρ</em></strong></span> <span class='ocrx_word' id='word_1_37' title='bbox 851 677 951 753; x_wconf 83' lang='grc' dir='ltr'><strong><em>δντας</em></strong></span> <span class='ocrx_word' id='word_1_38' title='bbox 973 687 1044 753; x_wconf 86' lang='grc' dir='ltr'><strong><em>τοῖς</em></strong></span> <span class='ocrx_word' id='word_1_39' title='bbox 1062 679 1193 762; x_wconf 88' lang='grc' dir='ltr'><strong><em>σχήμα-</em></strong></span> 
     </span>
    </p>

    <p class='ocr_par' dir='ltr' id='par_1_3' title="bbox 134 769 1275 976">
     <span class='ocr_line' id='line_1_6' title="bbox 134 769 1275 870; baseline 0.005 -26"><span class='ocrx_word' id='word_1_40' title='bbox 134 801 217 848; x_wconf 80' lang='grc' dir='ltr'><strong><em>εσιυ</em></strong></span> <span class='ocrx_word' id='word_1_41' title='bbox 241 784 276 849; x_wconf 87' lang='grc' dir='ltr'><strong><em>ἐκ</em></strong></span> <span class='ocrx_word' id='word_1_42' title='bbox 299 793 358 868; x_wconf 83' lang='grc' dir='ltr'><strong><em>τῆς</em></strong></span> <span class='ocrx_word' id='word_1_43' title='bbox 379 784 484 869; x_wconf 82' lang='grc' dir='ltr'><strong><em>ὑγράς</em></strong></span> <span class='ocrx_word' id='word_1_44' title='bbox 508 782 764 868; x_wconf 72' lang='grc' dir='ltr'><strong><em>ἀναθυμιάσεως</em></strong></span> <span class='ocrx_word' id='word_1_45' title='bbox 786 787 989 867; x_wconf 84' lang='grc' dir='ltr'><strong><em>φωτίζεσθαι</em></strong></span> <span class='ocrx_word' id='word_1_46' title='bbox 1016 786 1100 870; x_wconf 90' lang='grc' dir='ltr'><strong><em>πρὸς</em></strong></span> <span class='ocrx_word' id='word_1_47' title='bbox 1123 787 1192 869; x_wconf 86' lang='grc' dir='ltr'><strong><em>τήν</em></strong></span> <span class='ocrx_word' id='word_1_48' title='bbox 1274 769 1275 818; x_wconf 55' lang='lat'><em>³</em></span> 
     </span>
     <span class='ocr_line' id='line_1_7' title="bbox 161 886 1189 976; baseline 0.003 -22"><span class='ocrx_word' id='word_1_49' title='bbox 161 893 364 974; x_wconf 85' lang='grc' dir='ltr'><strong><em>φαντασίαν,</em></strong></span> <span class='ocrx_word' id='word_1_50' title='bbox 392 892 623 976; x_wconf 87' lang='grc' dir='ltr'><strong><em>λαμπρότερον</em></strong></span> <span class='ocrx_word' id='word_1_51' title='bbox 651 886 688 955; x_wconf 71' lang='grc' dir='ltr'><strong><em>δὲ</em></strong></span> <span class='ocrx_word' id='word_1_52' title='bbox 715 891 775 955; x_wconf 91' lang='grc' dir='ltr'><strong><em>τὸν</em></strong></span> <span class='ocrx_word' id='word_1_53' title='bbox 802 891 900 972; x_wconf 87' lang='grc' dir='ltr'><strong><em>ήλιον</em></strong></span> <span class='ocrx_word' id='word_1_54' title='bbox 927 891 984 956; x_wconf 82' lang='grc' dir='ltr'><strong><em>διὰ</em></strong></span> <span class='ocrx_word' id='word_1_55' title='bbox 1007 893 1044 956; x_wconf 90' lang='grc' dir='ltr'><strong><em>τὸ</em></strong></span> <span class='ocrx_word' id='word_1_56' title='bbox 1068 891 1105 956; x_wconf 87' lang='grc' dir='ltr'><strong><em>έν</em></strong></span> <span class='ocrx_word' id='word_1_57' title='bbox 1127 916 1189 957; x_wconf 92' lang='grc' dir='ltr'><strong><em>κα-</em></strong></span> 
     </span>
    </p>

    <p class='ocr_par' dir='ltr' id='par_1_4' title="bbox 90 993 1276 1402">
     <span class='ocr_line' id='line_1_8' title="bbox 90 993 1189 1084; baseline -0.001 -20"><span class='ocrx_word' id='word_1_58' title='bbox 90 1009 147 1064; x_wconf 85' lang='grc' dir='ltr'><strong><em>ΧΥ</em></strong></span> <span class='ocrx_word' id='word_1_59' title='bbox 160 1003 258 1084; x_wconf 79' lang='grc' dir='ltr'><strong><em>θαρςό</em></strong></span> <span class='ocrx_word' id='word_1_60' title='bbox 287 995 359 1083; x_wconf 87' lang='grc' dir='ltr'><strong><em>ἀέρι</em></strong></span> <span class='ocrx_word' id='word_1_61' title='bbox 387 1001 579 1080; x_wconf 88' lang='grc' dir='ltr'><strong><em>φαίνεσθαι.</em></strong></span> <span class='ocrx_word' id='word_1_62' title='bbox 629 995 813 1081; x_wconf 78' lang='grc' dir='ltr'><strong><em>ἀφεστάναι</em></strong></span> <span class='ocrx_word' id='word_1_63' title='bbox 842 993 879 1061; x_wconf 72' lang='grc' dir='ltr'><strong><em>δὲ</em></strong></span> <span class='ocrx_word' id='word_1_64' title='bbox 907 999 1007 1079; x_wconf 87' lang='grc' dir='ltr'><strong><em>λόγος</em></strong></span> <span class='ocrx_word' id='word_1_65' title='bbox 1035 996 1098 1062; x_wconf 85' lang='grc' dir='ltr'><strong><em>ἀπὸ</em></strong></span> <span class='ocrx_word' id='word_1_66' title='bbox 1126 1007 1189 1083; x_wconf 80' lang='grc' dir='ltr'><strong><em>τῆς</em></strong></span> 
     </span>
     <span class='ocr_line' id='line_1_9' title="bbox 162 1099 1188 1189; baseline 0.002 -22"><span class='ocrx_word' id='word_1_67' title='bbox 162 1112 224 1186; x_wconf 86' lang='grc' dir='ltr'><strong><em>γής</em></strong></span> <span class='ocrx_word' id='word_1_68' title='bbox 246 1104 328 1169; x_wconf 83' lang='grc' dir='ltr'><strong><em>κατά</em></strong></span> <span class='ocrx_word' id='word_1_69' title='bbox 350 1104 411 1169; x_wconf 91' lang='grc' dir='ltr'><strong><em>τὸν</em></strong></span> <span class='ocrx_word' id='word_1_70' title='bbox 429 1101 677 1189; x_wconf 77' lang='grc' dir='ltr'><strong><em>Ἐρατοσθένην</em></strong></span> <span class='ocrx_word' id='word_1_71' title='bbox 699 1104 760 1187; x_wconf 87' lang='grc' dir='ltr'><strong><em>τήν</em></strong></span> <span class='ocrx_word' id='word_1_72' title='bbox 783 1099 845 1188; x_wconf 71' lang='grc' dir='ltr'><strong><em>μέν</em></strong></span> <span class='ocrx_word' id='word_1_73' title='bbox 868 1105 1012 1187; x_wconf 76' lang='grc' dir='ltr'><strong><em>σελήνην</em></strong></span> <span class='ocrx_word' id='word_1_74' title='bbox 1040 1105 1188 1170; x_wconf 84' lang='grc' dir='ltr'><strong><em>σταδίων</em></strong></span> 
     </span>
     <span class='ocr_line' id='line_1_10' title="bbox 163 1206 1276 1296; baseline 0.002 -22"><span class='ocrx_word' id='word_1_75' title='bbox 163 1211 328 1295; x_wconf 77' lang='grc' dir='ltr'><strong><em>μυριάδας</em></strong></span> <span class='ocrx_word' id='word_1_76' title='bbox 348 1208 574 1294; x_wconf 83' lang='grc' dir='ltr'><strong><em>ἑβδομήκοντα</em></strong></span> <span class='ocrx_word' id='word_1_77' title='bbox 597 1209 692 1293; x_wconf 83' lang='grc' dir='ltr'><strong><em>ὀκτώ,</em></strong></span> <span class='ocrx_word' id='word_1_78' title='bbox 715 1211 775 1274; x_wconf 92' lang='grc' dir='ltr'><strong><em>τὸν</em></strong></span> <span class='ocrx_word' id='word_1_79' title='bbox 799 1206 836 1275; x_wconf 74' lang='grc' dir='ltr'><strong><em>δὲ</em></strong></span> <span class='ocrx_word' id='word_1_80' title='bbox 856 1210 954 1292; x_wconf 88' lang='grc' dir='ltr'><strong><em>ήλιον</em></strong></span> <span class='ocrx_word' id='word_1_81' title='bbox 971 1214 1188 1296; x_wconf 87' lang='grc' dir='ltr'><strong><em>τετρακοσίας</em></strong></span> <span class='ocrx_word' id='word_1_82' title='bbox 1275 1213 1276 1218; x_wconf 71' lang='grc'>’</span> 
     </span>
     <span class='ocr_line' id='line_1_11' title="bbox 99 1315 1188 1402; baseline 0 -20"><span class='ocrx_word' id='word_1_83' title='bbox 99 1329 150 1383; x_wconf 81' lang='lat' dir='ltr'><strong><em>XS</em></strong></span> <span class='ocrx_word' id='word_1_84' title='bbox 164 1315 220 1381; x_wconf 81' lang='grc' dir='ltr'><strong><em>καὶ</em></strong></span> <span class='ocrx_word' id='word_1_85' title='bbox 259 1317 391 1393; x_wconf 85' lang='grc' dir='ltr'><strong><em>ὀκτάκις</em></strong></span> <span class='ocrx_word' id='word_1_86' title='bbox 428 1320 558 1401; x_wconf 92' lang='grc' dir='ltr'><strong><em>μυρίας.</em></strong></span> <span class='ocrx_word' id='word_1_87' title='bbox 601 1316 643 1399; x_wconf 89' lang='grc' dir='ltr'><strong><em>ή</em></strong></span> <span class='ocrx_word' id='word_1_88' title='bbox 682 1319 803 1400; x_wconf 87' lang='grc' dir='ltr'><strong><em>σελήνη</em></strong></span> <span class='ocrx_word' id='word_1_89' title='bbox 840 1317 903 1402; x_wconf 86' lang='grc' dir='ltr'><strong><em>γὰρ</em></strong></span> <span class='ocrx_word' id='word_1_90' title='bbox 940 1317 1003 1400; x_wconf 87' lang='grc' dir='ltr'><strong><em>τήν</em></strong></span> <span class='ocrx_word' id='word_1_91' title='bbox 1040 1315 1188 1402; x_wconf 82' lang='grc' dir='ltr'><strong><em>ἑβδόμην</em></strong></span> 
     </span>
    </p>

    <p class='ocr_par' dir='ltr' id='par_1_5' title="bbox 122 1421 1191 1829">
     <span class='ocr_line' id='line_1_12' title="bbox 122 1421 1187 1509; baseline 0.003 -24"><span class='ocrx_word' id='word_1_92' title='bbox 122 1446 148 1484; x_wconf 91' lang='lat'><strong><em>11</em></strong></span> <span class='ocrx_word' id='word_1_93' title='bbox 163 1421 345 1507; x_wconf 87' lang='grc' dir='ltr'><strong><em>κατέχουσα</em></strong></span> <span class='ocrx_word' id='word_1_94' title='bbox 364 1424 471 1507; x_wconf 84' lang='grc' dir='ltr'><strong><em>ζώνην</em></strong></span> <span class='ocrx_word' id='word_1_95' title='bbox 492 1422 731 1509; x_wconf 89' lang='grc' dir='ltr'><strong><em>προσγειοτέρα</em></strong></span> <span class='ocrx_word' id='word_1_96' title='bbox 753 1434 821 1488; x_wconf 82' lang='grc' dir='ltr'><strong><em>τῶν</em></strong></span> <span class='ocrx_word' id='word_1_97' title='bbox 844 1425 956 1489; x_wconf 89' lang='grc' dir='ltr'><strong><em>ἀλλων</em></strong></span> <span class='ocrx_word' id='word_1_98' title='bbox 979 1421 1071 1499; x_wconf 82' lang='grc' dir='ltr'><strong><em>ἐστὶν</em></strong></span> <span class='ocrx_word' id='word_1_99' title='bbox 1091 1423 1187 1488; x_wconf 86' lang='grc' dir='ltr'><strong><em>ἀστέ-</em></strong></span> 
     </span>
     <span class='ocr_line' id='line_1_13' title="bbox 162 1525 1191 1616; baseline 0 -21"><span class='ocrx_word' id='word_1_100' title='bbox 162 1551 245 1616; x_wconf 88' lang='grc' dir='ltr'><strong><em>ρων·</em></strong></span> <span class='ocrx_word' id='word_1_101' title='bbox 274 1531 357 1596; x_wconf 84' lang='grc' dir='ltr'><strong><em>δθεν</em></strong></span> <span class='ocrx_word' id='word_1_102' title='bbox 385 1526 465 1594; x_wconf 73' lang='grc' dir='ltr'><strong><em>οὐδὲ</em></strong></span> <span class='ocrx_word' id='word_1_103' title='bbox 492 1533 618 1615; x_wconf 83' lang='grc' dir='ltr'><strong><em>πίλημα</em></strong></span> <span class='ocrx_word' id='word_1_104' title='bbox 641 1531 787 1615; x_wconf 88' lang='grc' dir='ltr'><strong><em>ἀκρατον</em></strong></span> <span class='ocrx_word' id='word_1_105' title='bbox 809 1529 947 1616; x_wconf 78' lang='grc' dir='ltr'><strong><em>αάθέρος</em></strong></span> <span class='ocrx_word' id='word_1_106' title='bbox 969 1530 1075 1614; x_wconf 86' lang='grc' dir='ltr'><strong><em>αύτήν</em></strong></span> <span class='ocrx_word' id='word_1_107' title='bbox 1097 1525 1191 1595; x_wconf 84' lang='grc' dir='ltr'><strong><em>εἷναί</em></strong></span> 
     </span>
     <span class='ocr_line' id='line_1_14' title="bbox 162 1632 1188 1722; baseline 0 -20"><span class='ocrx_word' id='word_1_108' title='bbox 162 1655 244 1721; x_wconf 92' lang='grc' dir='ltr'><strong><em>φασι</em></strong></span> <span class='ocrx_word' id='word_1_109' title='bbox 267 1637 350 1702; x_wconf 90' lang='grc' dir='ltr'><strong><em>κατά</em></strong></span> <span class='ocrx_word' id='word_1_110' title='bbox 372 1639 452 1713; x_wconf 90' lang='grc' dir='ltr'><strong><em>τοὺς</em></strong></span> <span class='ocrx_word' id='word_1_111' title='bbox 470 1637 594 1713; x_wconf 89' lang='grc' dir='ltr'><strong><em>ἀλλους</em></strong></span> <span class='ocrx_word' id='word_1_112' title='bbox 618 1635 767 1722; x_wconf 80' lang='grc' dir='ltr'><strong><em>ἀστέρας,</em></strong></span> <span class='ocrx_word' id='word_1_113' title='bbox 790 1645 900 1721; x_wconf 84' lang='grc' dir='ltr'><strong><em>κρᾶμα</em></strong></span> <span class='ocrx_word' id='word_1_114' title='bbox 918 1632 955 1701; x_wconf 78' lang='grc' dir='ltr'><strong><em>δέ</em></strong></span> <span class='ocrx_word' id='word_1_115' title='bbox 974 1638 1188 1722; x_wconf 81' lang='grc' dir='ltr'><strong><em>αδθερώδους</em></strong></span> 
     </span>
     <span class='ocr_line' id='line_1_15' title="bbox 161 1741 1187 1829; baseline 0 -21"><span class='ocrx_word' id='word_1_116' title='bbox 161 1741 217 1809; x_wconf 77' lang='grc' dir='ltr'><strong><em>καὶ</em></strong></span> <span class='ocrx_word' id='word_1_117' title='bbox 241 1743 410 1829; x_wconf 84' lang='grc' dir='ltr'><strong><em>ἀερώδους</em></strong></span> <span class='ocrx_word' id='word_1_118' title='bbox 431 1742 560 1819; x_wconf 85' lang='grc' dir='ltr'><strong><em>οὐσίας·</em></strong></span> <span class='ocrx_word' id='word_1_119' title='bbox 584 1744 622 1808; x_wconf 91' lang='grc' dir='ltr'><strong><em>τὸ</em></strong></span> <span class='ocrx_word' id='word_1_120' title='bbox 641 1745 705 1828; x_wconf 85' lang='grc' dir='ltr'><strong><em>γάρ</em></strong></span> <span class='ocrx_word' id='word_1_121' title='bbox 725 1745 931 1827; x_wconf 89' lang='grc' dir='ltr'><strong><em>φαινόμενον</em></strong></span> <span class='ocrx_word' id='word_1_122' title='bbox 949 1742 1050 1826; x_wconf 81' lang='grc' dir='ltr'><strong><em>αὐτῆς</em></strong></span> <span class='ocrx_word' id='word_1_123' title='bbox 1069 1743 1187 1829; x_wconf 89' lang='grc' dir='ltr'><strong><em>μέλαν,</em></strong></span> 
     </span>
    </p>

    <p class='ocr_par' dir='ltr' id='par_1_6' title="bbox 122 1845 1188 2042">
     <span class='ocr_line' id='line_1_16' title="bbox 122 1845 1188 1935; baseline 0.005 -25"><span class='ocrx_word' id='word_1_124' title='bbox 122 1849 180 1914; x_wconf 77' lang='grc' dir='ltr'><strong><em>ωδ</em></strong></span> <span class='ocrx_word' id='word_1_125' title='bbox 203 1855 343 1915; x_wconf 90' lang='grc' dir='ltr'><strong><em>καλοῦσι</em></strong></span> <span class='ocrx_word' id='word_1_126' title='bbox 373 1851 554 1935; x_wconf 88' lang='grc' dir='ltr'><strong><em>πρόσωπόν</em></strong></span> <span class='ocrx_word' id='word_1_127' title='bbox 583 1873 685 1932; x_wconf 89' lang='grc' dir='ltr'><strong><em>τινες,</em></strong></span> <span class='ocrx_word' id='word_1_128' title='bbox 717 1845 818 1914; x_wconf 79' lang='grc' dir='ltr'><strong><em>οὐδὲν</em></strong></span> <span class='ocrx_word' id='word_1_129' title='bbox 848 1850 929 1914; x_wconf 87' lang='grc' dir='ltr'><strong><em>ἀλλο</em></strong></span> <span class='ocrx_word' id='word_1_130' title='bbox 959 1845 1047 1914; x_wconf 83' lang='grc' dir='ltr'><strong><em>εἶναι</em></strong></span> <span class='ocrx_word' id='word_1_131' title='bbox 1076 1849 1096 1933; x_wconf 87' lang='grc' dir='ltr'><strong><em>ή</em></strong></span> <span class='ocrx_word' id='word_1_132' title='bbox 1125 1852 1188 1915; x_wconf 89' lang='grc' dir='ltr'><strong><em>τὸν</em></strong></span> 
     </span>
     <span class='ocr_line' id='line_1_17' title="bbox 162 1954 1188 2042; baseline 0 -20"><span class='ocrx_word' id='word_1_133' title='bbox 162 1955 430 2042; x_wconf 77' lang='grc' dir='ltr'><strong><em>ἀναμεμιγμένον</em></strong></span> <span class='ocrx_word' id='word_1_134' title='bbox 453 1954 547 2042; x_wconf 84' lang='grc' dir='ltr'><strong><em>ἀέρα,</em></strong></span> <span class='ocrx_word' id='word_1_135' title='bbox 572 1955 608 2032; x_wconf 84' lang='grc' dir='ltr'><strong><em>ὃς</em></strong></span> <span class='ocrx_word' id='word_1_136' title='bbox 631 1957 732 2040; x_wconf 90' lang='grc' dir='ltr'><strong><em>φύσει</em></strong></span> <span class='ocrx_word' id='word_1_137' title='bbox 755 1955 855 2041; x_wconf 86' lang='grc' dir='ltr'><strong><em>μέλας</em></strong></span> <span class='ocrx_word' id='word_1_138' title='bbox 884 1956 932 2021; x_wconf 77' lang='grc' dir='ltr'><strong><em>ὢν</em></strong></span> <span class='ocrx_word' id='word_1_139' title='bbox 959 1957 1055 2042; x_wconf 82' lang='grc' dir='ltr'><strong><em>ἀχρις</em></strong></span> <span class='ocrx_word' id='word_1_140' title='bbox 1083 1957 1188 2042; x_wconf 80' lang='grc' dir='ltr'><strong><em>αὐτῆς</em></strong></span> 
     </span>
    </p>

    <p class='ocr_par' dir='ltr' id='par_1_7' title="bbox 121 2059 1188 2362">
     <span class='ocr_line' id='line_1_18' title="bbox 121 2059 1188 2148; baseline -0.001 -19"><span class='ocrx_word' id='word_1_141' title='bbox 121 2077 147 2129; x_wconf 83' lang='grc' dir='ltr'>Χ</span> <span class='ocrx_word' id='word_1_142' title='bbox 161 2067 311 2129; x_wconf 88' lang='grc' dir='ltr'><strong><em>τείνεται.</em></strong></span> <span class='ocrx_word' id='word_1_143' title='bbox 362 2062 469 2128; x_wconf 82' lang='grc' dir='ltr'><strong><em>έκεῖνο</em></strong></span> <span class='ocrx_word' id='word_1_144' title='bbox 498 2059 535 2128; x_wconf 72' lang='grc' dir='ltr'><strong><em>δέ</em></strong></span> <span class='ocrx_word' id='word_1_145' title='bbox 563 2063 607 2147; x_wconf 89' lang='grc' dir='ltr'><strong><em>μή</em></strong></span> <span class='ocrx_word' id='word_1_146' title='bbox 635 2064 791 2148; x_wconf 83' lang='grc' dir='ltr'><strong><em>παριδεῖν</em></strong></span> <span class='ocrx_word' id='word_1_147' title='bbox 823 2062 925 2141; x_wconf 86' lang='grc' dir='ltr'><strong><em>ἀξιον.</em></strong></span> <span class='ocrx_word' id='word_1_148' title='bbox 975 2060 995 2145; x_wconf 87' lang='grc' dir='ltr'><strong><em>ή</em></strong></span> <span class='ocrx_word' id='word_1_149' title='bbox 1024 2069 1188 2148; x_wconf 86' lang='grc' dir='ltr'><strong><em>νεομηνία</em></strong></span> 
     </span>
     <span class='ocr_line' id='line_1_19' title="bbox 161 2169 1187 2256; baseline 0 -20"><span class='ocrx_word' id='word_1_150' title='bbox 161 2173 288 2256; x_wconf 84' lang='grc' dir='ltr'><strong><em>κεφαλή</em></strong></span> <span class='ocrx_word' id='word_1_151' title='bbox 307 2171 410 2255; x_wconf 88' lang='grc' dir='ltr'><strong><em>μηνὸς</em></strong></span> <span class='ocrx_word' id='word_1_152' title='bbox 428 2170 512 2255; x_wconf 87' lang='grc' dir='ltr'><strong><em>πρὸς</em></strong></span> <span class='ocrx_word' id='word_1_153' title='bbox 530 2181 598 2235; x_wconf 82' lang='grc' dir='ltr'><strong><em>τῶν</em></strong></span> <span class='ocrx_word' id='word_1_154' title='bbox 616 2169 764 2255; x_wconf 82' lang='grc' dir='ltr'><strong><em>ἀρχαίων</em></strong></span> <span class='ocrx_word' id='word_1_155' title='bbox 782 2170 1074 2254; x_wconf 83' lang='grc' dir='ltr'><strong><em>προσαγορεύεται.</em></strong></span> <span class='ocrx_word' id='word_1_156' title='bbox 1105 2170 1187 2236; x_wconf 88' lang='grc' dir='ltr'><strong><em>δέκα</em></strong></span> 
     </span>
     <span class='ocr_line' id='line_1_20' title="bbox 162 2270 1187 2362; baseline -0.002 -19"><span class='ocrx_word' id='word_1_157' title='bbox 162 2274 200 2343; x_wconf 73' lang='grc' dir='ltr'><strong><em>δὲ</em></strong></span> <span class='ocrx_word' id='word_1_158' title='bbox 229 2279 441 2360; x_wconf 80' lang='grc' dir='ltr'><strong><em>εἰσηγοῦνται</em></strong></span> <span class='ocrx_word' id='word_1_159' title='bbox 470 2279 610 2360; x_wconf 81' lang='grc' dir='ltr'><strong><em>σελήνης</em></strong></span> <span class='ocrx_word' id='word_1_160' title='bbox 638 2279 799 2361; x_wconf 84' lang='grc' dir='ltr'><strong><em>σχήματα,</em></strong></span> <span class='ocrx_word' id='word_1_161' title='bbox 828 2275 894 2360; x_wconf 87' lang='grc' dir='ltr'><strong><em>ἀφ’</em></strong></span> <span class='ocrx_word' id='word_1_162' title='bbox 918 2270 966 2342; x_wconf 81' lang='grc' dir='ltr'><strong><em>ὧν</em></strong></span> <span class='ocrx_word' id='word_1_163' title='bbox 989 2276 1007 2341; x_wconf 85' lang='grc' dir='ltr'><strong><em>δ</em></strong></span> <span class='ocrx_word' id='word_1_164' title='bbox 1031 2301 1187 2362; x_wconf 90' lang='grc' dir='ltr'><strong><em>τριακον-</em></strong></span> 
     </span>
    </p>

    <p class='ocr_par' dir='ltr' id='par_1_8' title="bbox 122 2381 1187 2576">
     <span class='ocr_line' id='line_1_21' title="bbox 122 2381 1187 2469; baseline 0.004 -26"><span class='ocrx_word' id='word_1_165' title='bbox 122 2404 148 2444; x_wconf 81' lang='grc' dir='ltr'><strong><em>ιο</em></strong></span> <span class='ocrx_word' id='word_1_166' title='bbox 162 2386 310 2469; x_wconf 89' lang='grc' dir='ltr'><strong><em>θήμερος</em></strong></span> <span class='ocrx_word' id='word_1_167' title='bbox 342 2383 591 2467; x_wconf 87' lang='grc' dir='ltr'><strong><em>ἀναπληροῦται</em></strong></span> <span class='ocrx_word' id='word_1_168' title='bbox 623 2383 760 2459; x_wconf 88' lang='grc' dir='ltr'><strong><em>κύκλος·</em></strong></span> <span class='ocrx_word' id='word_1_169' title='bbox 796 2384 837 2448; x_wconf 87' lang='grc' dir='ltr'><strong><em>τά</em></strong></span> <span class='ocrx_word' id='word_1_170' title='bbox 869 2381 909 2447; x_wconf 91' lang='grc' dir='ltr'><strong><em>δέ</em></strong></span> <span class='ocrx_word' id='word_1_171' title='bbox 939 2381 1007 2447; x_wconf 82' lang='grc' dir='ltr'><strong><em>ἐστι</em></strong></span> <span class='ocrx_word' id='word_1_172' title='bbox 1040 2383 1187 2459; x_wconf 82' lang='grc' dir='ltr'><strong><em>σύνοδος</em></strong></span> 
     </span>
     <span class='ocr_line' id='line_1_22' title="bbox 149 2484 1185 2576; baseline -0.001 -21"><span class='ocrx_word' id='word_1_173' title='bbox 149 2489 305 2574; x_wconf 79' lang='grc' dir='ltr'><strong><em>ἀνατολὴ</em></strong></span> <span class='ocrx_word' id='word_1_174' title='bbox 320 2490 498 2576; x_wconf 86' lang='grc' dir='ltr'><strong><em>μηνοειδής</em></strong></span> <span class='ocrx_word' id='word_1_175' title='bbox 516 2491 692 2573; x_wconf 86' lang='grc' dir='ltr'><strong><em>διχότομος</em></strong></span> <span class='ocrx_word' id='word_1_176' title='bbox 711 2488 918 2574; x_wconf 89' lang='grc' dir='ltr'><strong><em>ἀμφίκυρτος</em></strong></span> <span class='ocrx_word' id='word_1_177' title='bbox 936 2491 1065 2575; x_wconf 87' lang='grc' dir='ltr'><strong><em>πλήρης</em></strong></span> <span class='ocrx_word' id='word_1_178' title='bbox 1081 2484 1185 2566; x_wconf 85' lang='grc' dir='ltr'><strong><em>αὖθις</em></strong></span> 
     </span>
    </p>
   </div>
   <div class='ocr_carea' id='block_1_3' title="bbox 163 2717 1183 2859">
    <p class='ocr_par' dir='ltr' id='par_1_9' title="bbox 163 2717 1183 2859">
     <span class='ocr_line' id='line_1_23' title="bbox 234 2717 1183 2788; baseline -0.001 -16"><span class='ocrx_word' id='word_1_179' title='bbox 234 2737 258 2773; x_wconf 89' lang='lat' dir='ltr'><strong><em>v.</em></strong></span> <span class='ocrx_word' id='word_1_180' title='bbox 275 2726 289 2773; x_wconf 92' lang='lat'>1</span> <span class='ocrx_word' id='word_1_181' title='bbox 309 2718 413 2772; x_wconf 78' lang='lat' dir='ltr'><strong>Thales</strong></span> <span class='ocrx_word' id='word_1_182' title='bbox 433 2718 512 2772; x_wconf 82' lang='lat' dir='ltr'><strong>Diels</strong></span> <span class='ocrx_word' id='word_1_183' title='bbox 530 2717 651 2788; x_wconf 82' lang='lat' dir='ltr'>Doxogr.</span> <span class='ocrx_word' id='word_1_184' title='bbox 671 2736 712 2788; x_wconf 85' lang='lat' dir='ltr'><strong><em>gr.</em></strong></span> <span class='ocrx_word' id='word_1_185' title='bbox 731 2736 758 2788; x_wconf 87' lang='lat' dir='ltr'><strong><em>p.</em></strong></span> <span class='ocrx_word' id='word_1_186' title='bbox 774 2722 847 2771; x_wconf 58' lang='grc' dir='ltr'><strong><em>358ιι</em></strong></span> <span class='ocrx_word' id='word_1_187' title='bbox 871 2717 967 2771; x_wconf 59' lang='lat' dir='ltr'><strong><em>adab</em></strong></span> <span class='ocrx_word' id='word_1_188' title='bbox 1059 2723 1076 2771; x_wconf 82' lang='lat'>3</span> <span class='ocrx_word' id='word_1_189' title='bbox 1095 2717 1183 2771; x_wconf 79' lang='lat' dir='ltr'><strong>Hera·</strong></span> 
     </span>
     <span class='ocr_line' id='line_1_24' title="bbox 163 2787 1182 2859; baseline -0.003 -15"><span class='ocrx_word' id='word_1_190' title='bbox 163 2790 246 2845; x_wconf 77' lang='lat' dir='ltr'><strong>clitus</strong></span> <span class='ocrx_word' id='word_1_191' title='bbox 265 2789 334 2844; x_wconf 84' lang='lat' dir='ltr'><strong>ibid.</strong></span> <span class='ocrx_word' id='word_1_192' title='bbox 354 2808 381 2859; x_wconf 92' lang='lat' dir='ltr'><strong><em>p.</em></strong></span> <span class='ocrx_word' id='word_1_193' title='bbox 396 2795 463 2844; x_wconf 75' lang='lat'><strong><em>359⁸</em></strong></span> <span class='ocrx_word' id='word_1_194' title='bbox 482 2789 546 2844; x_wconf 80' lang='lat' dir='ltr'>adn.</span> <span class='ocrx_word' id='word_1_195' title='bbox 563 2796 579 2843; x_wconf 84' lang='lat'><strong>6</strong></span> <span class='ocrx_word' id='word_1_196' title='bbox 652 2794 668 2843; x_wconf 86' lang='lat'>8</span> <span class='ocrx_word' id='word_1_197' title='bbox 688 2788 889 2842; x_wconf 75' lang='lat' dir='ltr'><strong>Eratosthenes</strong></span> <span class='ocrx_word' id='word_1_198' title='bbox 908 2787 977 2842; x_wconf 86' lang='lat' dir='ltr'>ibid.</span> <span class='ocrx_word' id='word_1_199' title='bbox 993 2793 1067 2842; x_wconf 77' lang='lat'>362⁸</span> <span class='ocrx_word' id='word_1_200' title='bbox 1087 2789 1182 2843; x_wconf 60' lang='grc' dir='ltr'><strong><em>εσσε</em></strong></span> 
     </span>
    </p>
   </div>
   <div class='ocr_carea' id='block_1_4' title="bbox 163 2999 1182 3643">
    <p class='ocr_par' dir='ltr' id='par_1_10' title="bbox 163 2999 1182 3643">
     <span class='ocr_line' id='line_1_25' title="bbox 233 2999 1182 3074; baseline 0.001 -18"><span class='ocrx_word' id='word_1_201' title='bbox 233 3022 257 3058; x_wconf 91' lang='lat' dir='ltr'><strong><em>v.</em></strong></span> <span class='ocrx_word' id='word_1_202' title='bbox 273 3010 290 3057; x_wconf 80' lang='lat'>2</span> <span class='ocrx_word' id='word_1_203' title='bbox 309 3003 424 3072; x_wconf 79' lang='grc' dir='ltr'><strong><em>ἔκριναν</em></strong></span> <span class='ocrx_word' id='word_1_204' title='bbox 442 3002 476 3056; x_wconf 84' lang='lat' dir='ltr'><strong><em>ci.</em></strong></span> <span class='ocrx_word' id='word_1_205' title='bbox 495 3001 606 3057; x_wconf 85' lang='lat' dir='ltr'>Bekker</span> <span class='ocrx_word' id='word_1_206' title='bbox 678 3008 694 3055; x_wconf 86' lang='lat'><strong>3</strong></span> <span class='ocrx_word' id='word_1_207' title='bbox 714 2999 902 3074; x_wconf 86' lang='grc' dir='ltr'><strong><em>πεπονθέναι]</em></strong></span> <span class='ocrx_word' id='word_1_208' title='bbox 925 3002 990 3070; x_wconf 82' lang='grc' dir='ltr'><strong><em>περὶ</em></strong></span> <span class='ocrx_word' id='word_1_209' title='bbox 1008 3002 1058 3056; x_wconf 85' lang='grc' dir='ltr'><strong><em>τὸν</em></strong></span> <span class='ocrx_word' id='word_1_210' title='bbox 1082 3002 1182 3057; x_wconf 83' lang='grc' dir='ltr'><strong><em>θεικδυ</em></strong></span> 
     </span>
     <span class='ocr_line' id='line_1_26' title="bbox 163 3071 1181 3198; baseline -0.002 -68"><span class='ocrx_word' id='word_1_211' title='bbox 163 3077 195 3130; x_wconf 89' lang='grc' dir='ltr'><em>Χ</em></span> <span class='ocrx_word' id='word_1_212' title='bbox 264 3083 282 3129; x_wconf 84' lang='grc'>4</span> <span class='ocrx_word' id='word_1_213' title='bbox 301 3076 367 3165; x_wconf 57' lang='grc' dir='ltr'><strong><em>ηούς</em></strong></span> <span class='ocrx_word' id='word_1_214' title='bbox 385 3072 502 3143; x_wconf 80' lang='grc' dir='ltr'><strong><em>ἀστέρας</em></strong></span> <span class='ocrx_word' id='word_1_215' title='bbox 521 3071 690 3197; x_wconf 57' lang='grc' dir='ltr'><strong><em>δεμομίνους</em></strong></span> <span class='ocrx_word' id='word_1_216' title='bbox 707 3072 833 3164; x_wconf 37' lang='grc' dir='ltr'><strong><em>τάςιάπδ</em></strong></span> <span class='ocrx_word' id='word_1_217' title='bbox 852 3081 901 3143; x_wconf 83' lang='grc' dir='ltr'><strong><em>τῆς</em></strong></span> <span class='ocrx_word' id='word_1_218' title='bbox 918 3074 1006 3198; x_wconf 57' lang='grc' dir='ltr'><strong><em>ύῖρᾶς</em></strong></span> <span class='ocrx_word' id='word_1_219' title='bbox 1019 3071 1181 3143; x_wconf 81' lang='grc' dir='ltr'><strong><em>ἀναθυμιά-</em></strong></span> 
     </span>
     <span class='ocr_line' id='line_1_27' title="bbox 163 3144 1180 3271; baseline -0.003 -70"><span class='ocrx_word' id='word_1_220' title='bbox 163 3165 231 3209; x_wconf 85' lang='grc' dir='ltr'><strong><em>σεως</em></strong></span> <span class='ocrx_word' id='word_1_221' title='bbox 249 3147 339 3271; x_wconf 59' lang='grc' dir='ltr'><strong><em>αύέαὲ</em></strong></span> <span class='ocrx_word' id='word_1_222' title='bbox 355 3146 476 3271; x_wconf 56' lang='lat' dir='ltr'>Dgxggr.</span> <span class='ocrx_word' id='word_1_223' title='bbox 494 3163 569 3270; x_wconf 42' lang='lat' dir='ltr'><strong><em>giss.</em></strong></span> <span class='ocrx_word' id='word_1_224' title='bbox 585 3163 605 3200; x_wconf 84' lang='grc' dir='ltr'><strong><em>ε.</em></strong></span> <span class='ocrx_word' id='word_1_225' title='bbox 647 3215 653 3236; x_wconf 30' lang='grc' dir='ltr'>ἱ</span> <span class='ocrx_word' id='word_1_226' title='bbox 681 3150 695 3198; x_wconf 81' lang='grc'><strong>7</strong></span> <span class='ocrx_word' id='word_1_227' title='bbox 715 3145 883 3270; x_wconf 62' lang='grc' dir='ltr'><strong><em>φαιυεμθαι]</em></strong></span> <span class='ocrx_word' id='word_1_228' title='bbox 903 3165 924 3213; x_wconf 89' lang='grc' dir='ltr'><strong><em>φ</em></strong></span> <span class='ocrx_word' id='word_1_229' title='bbox 940 3148 1044 3269; x_wconf 49' lang='grc' dir='ltr'><strong><em>ρῖῧθαιΙ</em></strong></span> <span class='ocrx_word' id='word_1_230' title='bbox 1060 3144 1180 3269; x_wconf 68' lang='grc' dir='ltr'><strong><em>Βοῐάογτ.</em></strong></span> 
     </span>
     <span class='ocr_line' id='line_1_28' title="bbox 163 3233 1179 3359; baseline -0.003 -16"><span class='ocrx_word' id='word_1_231' title='bbox 163 3236 263 3344; x_wconf 67' lang='grc' dir='ltr'><strong><em>ἀδάναι</em></strong></span> <span class='ocrx_word' id='word_1_232' title='bbox 282 3236 366 3359; x_wconf 73' lang='grc' dir='ltr'><strong><em>λέγάι</em></strong></span> <span class='ocrx_word' id='word_1_233' title='bbox 372 3295 422 3357; x_wconf 81' lang='grc' dir='ltr'><strong><em>τῆς</em></strong></span> <span class='ocrx_word' id='word_1_234' title='bbox 433 3234 519 3358; x_wconf 53' lang='grc' dir='ltr'><strong><em>ἓνοήάςοσ</em></strong></span> <span class='ocrx_word' id='word_1_235' title='bbox 535 3235 677 3342; x_wconf 48' lang='grc' dir='ltr'><strong><em>οέάιςδάἀί</em></strong></span> <span class='ocrx_word' id='word_1_236' title='bbox 689 3236 746 3340; x_wconf 63' lang='grc' dir='ltr'><strong><em>δέν</em></strong></span> <span class='ocrx_word' id='word_1_237' title='bbox 765 3233 1101 3357; x_wconf 56' lang='grc' dir='ltr'><strong><em>σεθηάήδοήκονταμάἀάἀ</em></strong></span> <span class='ocrx_word' id='word_1_238' title='bbox 1120 3235 1179 3359; x_wconf 51' lang='lat'><strong><em>13⁰⁸!</em></strong></span> 
     </span>
     <span class='ocr_line' id='line_1_29' title="bbox 163 3356 1182 3428; baseline -0.001 -15"><span class='ocrx_word' id='word_1_239' title='bbox 163 3357 356 3428; x_wconf 82' lang='grc' dir='ltr'><strong><em>τετρακοσίοις</em></strong></span> <span class='ocrx_word' id='word_1_240' title='bbox 375 3360 439 3414; x_wconf 82' lang='lat' dir='ltr'><strong><em>XR</em></strong></span> <span class='ocrx_word' id='word_1_241' title='bbox 516 3365 550 3412; x_wconf 89' lang='grc'><strong><em>10</em></strong></span> <span class='ocrx_word' id='word_1_242' title='bbox 569 3358 654 3427; x_wconf 85' lang='grc' dir='ltr'><strong><em>μύρια</em></strong></span> <span class='ocrx_word' id='word_1_243' title='bbox 672 3358 780 3426; x_wconf 78' lang='lat' dir='ltr'><strong><em>AEF,</em></strong></span> <span class='ocrx_word' id='word_1_244' title='bbox 801 3357 913 3426; x_wconf 84' lang='grc' dir='ltr'><strong><em>μυρίαις</em></strong></span> <span class='ocrx_word' id='word_1_245' title='bbox 930 3359 958 3412; x_wconf 88' lang='grc' dir='ltr'><em>Β</em></span> <span class='ocrx_word' id='word_1_246' title='bbox 965 3357 1064 3426; x_wconf 81' lang='lat' dir='ltr'><strong><em>OGR,</em></strong></span> <span class='ocrx_word' id='word_1_247' title='bbox 1084 3356 1182 3426; x_wconf 83' lang='grc' dir='ltr'><strong><em>μυρίας</em></strong></span> 
     </span>
     <span class='ocr_line' id='line_1_30' title="bbox 164 3427 1181 3501; baseline -0.003 -16"><span class='ocrx_word' id='word_1_248' title='bbox 164 3431 194 3485; x_wconf 93' lang='lat' dir='ltr'><strong><em>D</em></strong></span> <span class='ocrx_word' id='word_1_249' title='bbox 263 3438 296 3485; x_wconf 88' lang='grc'><strong><em>10</em></strong></span> <span class='ocrx_word' id='word_1_250' title='bbox 316 3429 390 3500; x_wconf 81' lang='grc' dir='ltr'><strong><em>δτιή</em></strong></span> <span class='ocrx_word' id='word_1_251' title='bbox 406 3430 504 3499; x_wconf 87' lang='grc' dir='ltr'><strong><em>σελήνη</em></strong></span> <span class='ocrx_word' id='word_1_252' title='bbox 519 3427 718 3501; x_wconf 88' lang='grc' dir='ltr'><strong><em>προσγειότερα</em></strong></span> <span class='ocrx_word' id='word_1_253' title='bbox 732 3463 768 3470; x_wconf 96' lang='grc'>-</span> <span class='ocrx_word' id='word_1_254' title='bbox 783 3436 816 3484; x_wconf 82' lang='grc'><strong><em>17</em></strong></span> <span class='ocrx_word' id='word_1_255' title='bbox 836 3427 991 3484; x_wconf 67' lang='grc' dir='ltr'><strong><em>τείνεταιδ</em></strong></span> <span class='ocrx_word' id='word_1_256' title='bbox 1058 3435 1092 3483; x_wconf 82' lang='grc'><strong><em>13</em></strong></span> <span class='ocrx_word' id='word_1_257' title='bbox 1112 3428 1181 3484; x_wconf 81' lang='grc' dir='ltr'><strong><em>κατὰ</em></strong></span> 
     </span>
     <span class='ocr_line' id='line_1_31' title="bbox 165 3500 1182 3628; baseline 0 -72"><span class='ocrx_word' id='word_1_258' title='bbox 165 3533 200 3590; x_wconf 30' lang='grc' dir='ltr'><strong><em>-Ι</em></strong></span> <span class='ocrx_word' id='word_1_259' title='bbox 210 3501 345 3628; x_wconf 64' lang='grc' dir='ltr'><strong><em>ἀστέρας1</em></strong></span> <span class='ocrx_word' id='word_1_260' title='bbox 340 3501 419 3558; x_wconf 82' lang='lat' dir='ltr'>omis.</span> <span class='ocrx_word' id='word_1_261' title='bbox 431 3503 462 3556; x_wconf 90' lang='grc' dir='ltr'>Χ</span> <span class='ocrx_word' id='word_1_262' title='bbox 477 3504 481 3572; x_wconf 92' lang='grc' dir='ltr'>Ι</span> <span class='ocrx_word' id='word_1_263' title='bbox 497 3501 610 3570; x_wconf 86' lang='grc' dir='ltr'><strong><em>κράμμα</em></strong></span> <span class='ocrx_word' id='word_1_264' title='bbox 620 3502 652 3555; x_wconf 91' lang='grc' dir='ltr'>Χ</span> <span class='ocrx_word' id='word_1_265' title='bbox 715 3508 748 3557; x_wconf 88' lang='grc'><strong><em>16</em></strong></span> <span class='ocrx_word' id='word_1_266' title='bbox 763 3501 860 3574; x_wconf 79' lang='grc' dir='ltr'><strong><em>αὐτῆς]</em></strong></span> <span class='ocrx_word' id='word_1_267' title='bbox 875 3500 1031 3569; x_wconf 65' lang='grc' dir='ltr'><strong><em>ούρανοῦό</em></strong></span> <span class='ocrx_word' id='word_1_268' title='bbox 1093 3507 1126 3554; x_wconf 81' lang='lat'><strong><em>21</em></strong></span> <span class='ocrx_word' id='word_1_269' title='bbox 1142 3503 1182 3556; x_wconf 89' lang='grc' dir='ltr'><strong><em>δι-</em></strong></span> 
     </span>
     <span class='ocr_line' id='line_1_32' title="bbox 165 3592 299 3643; baseline 0 -1"><span class='ocrx_word' id='word_1_270' title='bbox 165 3592 299 3643; x_wconf 76' lang='grc' dir='ltr'><strong><em>κοτοννοε</em></strong></span> 
     </span>
    </p>
   </div>
   <div class='ocr_carea' id='block_1_5' title="bbox 0 0 1282 3996">
    <p class='ocr_par' dir='ltr' id='par_1_11' title="bbox 0 0 1282 3996">
     <span class='ocr_line' id='line_1_33' title="bbox 0 0 1282 3996; baseline 0 0"><span class='ocrx_word' id='word_1_271' title='bbox 0 0 1282 3996; x_wconf 95' lang='lat' dir='ltr'><strong><em> </em></strong></span> 
     </span>
    </p>
   </div>
  </div>
 </body>
</html>
