2530 3988
177 196 241 261 174
414 194 525 250 LIBER
542 193 720 259 QUARTUS.
745 192 946 250 DEOEMBER

133 370 159 423 R
172 359 390 442 κυνηγεσίοις.
439 359 569 424 τούτων
598 353 636 423 δέ
662 355 867 443 πέραςεάγει
893 355 914 440 η
942 365 1004 422 τοῦ
1031 367 1179 442 χειμῶνος

174 467 257 552 ὥρα·
285 464 324 530 έν
346 464 428 551 αὐτῇ
451 466 517 550 γάρ
539 464 617 530 οὔτε
646 463 873 542 ἐνοπλίζονται
902 463 979 528 οὔτε
1006 473 1180 549 γεωργοῦσι

172 676 228 744 καί
251 681 403 764 βροῦμαν
430 677 536 762 αὐτὴν
562 680 708 762 πατρίως
731 675 923 760 ὠνόμασαν,
952 674 1057 742 οίονεὶ
1083 677 1179 762 βραχὺ

148 780 275 870 τῆμαρ·
295 784 492 869 Βρουμάλια
509 778 548 848 δὲ
567 781 671 848 οίονεὶ
689 779 873 867 χειμεριναί
892 779 1012 867 ἑορταί.
1049 781 1179 868 ἀργοῦν-

48 969 50 976 .
172 915 225 968 τες
253 886 316 956 οὖν
342 891 379 955 τὸ
407 891 564 974 τηνικάδε
586 890 619 955 οἱ
639 888 791 973 Ῥωμαῖοι
819 887 914 974 μέχρι
944 899 1011 954 τῶν
1034 887 1178 974 Αὐξιφο-

171 1001 253 1062 τίων
276 995 421 1062 ἐπὶτῶν
442 1007 573 1062 νυκτῶν
596 999 833 1082 χαιρετίζοντες
856 994 1073 1080 ἐπευφήμουν
1091 995 1178 1079 άλλη-

171 1109 267 1187 λους,
294 1113 333 1189 τῇ
356 1106 483 1190 πατρίῳ
512 1111 607 1189 φωνῇ
635 1101 788 1186 λέγοντες
812 1103 920 1187 ’βίβες
948 1101 1087 1179 άννους’
1114 1093 1178 1182 οἷον

165 1211 260 1294 ’ζῆθι
289 1212 337 1286 είς
364 1209 527 1297 χρόνους]
573 1211 606 1275 οί
633 1206 671 1275 δὲ
693 1206 870 1295 γεωργικοί
894 1211 978 1294 πρὸς
1005 1209 1177 1294 θεράπειαυ

132 1345 158 1383 ιο
171 1319 309 1403 Κρόνου
327 1314 382 1381 καί
400 1317 579 1401 Δήμητρος
597 1318 761 1400 ἔσφαττον
779 1318 929 1401 χοίρους·
949 1316 1033 1381 ὅθεν
1051 1313 1106 1380 καὶ
1122 1323 1177 1381 νῦν

171 1425 372 1508 φυλάττεται
384 1424 467 1488 κατά
481 1423 541 1488 τὸν
554 1421 764 1510 Δεκέμβριον
781 1422 802 1506 ἡ
821 1425 1052 1509 γοιροσφαγία.
1088 1425 1189 1506 ἔσφα-.

171 1534 228 1609 ζον
258 1526 295 1595 δὲ
325 1531 358 1595 ολ
374 1527 614 1621 Ιάμπελουργοὶ
644 1530 788 1616 τράγους
818 1531 865 1605 είς
893 1531 992 1614 τιμὴν
1019 1539 1080 1594 τοῦ
1106 1533 1177 1594 Διο

170 1637 290 1702 νόσου·
318 1636 423 1722 ὁγὰρ
451 1636 572 1721 τράγος
597 1634 755 1718 πολέμιος
781 1645 839 1718 τῆς
861 1634 1025 1720 ἀμπέλου·
1053 1633 1108 1700 καί
1134 1633 1176 1699 ἐ-

169 1742 324 1829 όίροντες
356 1741 478 1819 αὐτοὺς
508 1744 587 1819 τοὺς
619 1741 742 1819 ἀσκοὺς
768 1748 974 1828 πληροῦντες
1000 1743 1176 1828 πνεύματος

130 1876 156 1916 15
170 1849 356 1935 ε’φήλλοντο
384 1847 505 1925 αὐτοῖς.
552 1850 584 1913 οί
613 1845 650 1914 δέ
677 1847 842 1914 πολιτικοί
869 1846 926 1914 καὶ
952 1850 1011 1926 τάς
1039 1848 1177 1935 ἀπαρχὰς

171 1968 239 2036 τῶν
262 1953 550 2039 συγκλεισθέντων
572 1967 724 2042 καρπῶν,
748 1950 843 2021 οἶνον
865 1953 922 2020 καὶ
944 1959 1071 2040 ἔλαιον,
1092 1967 1176 2022 σῖτον

169 2061 224 2128 καί
247 2062 322 2148 μέλι
344 2061 399 2128 καί
425 2064 534 2128 πάντα
561 2063 601 2128 τὰ
629 2061 694 2127 άπὸ
722 2061 874 2148 δένδρων
901 2063 963 2128 ὅσα
991 2063 1176 2148 διαμένουσι

168 2166 223 2235 καί
247 2171 421 2252 σώζονται,
446 2167 584 2234 ἐποίουν
607 2170 729 2254 άρτους
752 2171 834 2234 άυευ
857 2168 981 2246 ὕδατος
1002 2168 1059 2235 καὶ
1081 2178 1175 2234 ταῦτα
1244 2213 1245 2274 3

167 2285 338 2362 προσῆγον
365 2285 434 2351 τοῖς
463 2277 587 2362 ἱερεῦσι
615 2283 673 2358 τῆς
695 2277 848 2361 Μητρός·
875 2277 1075 2360 φυλάττεται
1101 2269 1174 2355 δέη
1244 2281 1245 2284 ’

127 2410 154 2448 ιο
168 2383 303 2465 τοιαύτη
328 2384 493 2465 συνηθεια
515 2384 564 2448 ἔτι
582 2380 638 2446 καὶ
657 2390 721 2446 νῦν
739 2379 796 2447 καὶ
813 2383 896 2447 κατὰ
913 2383 974 2447 τὸν
991 2381 1177 2466 Νοέμβριον

167 2486 222 2554 καί
249 2487 459 2574 Δεκέμβριον
490 2490 567 2574 άχρι
599 2499 667 2553 τῶν
695 2487 907 2574 αὐξιφωτίων
934 2489 1176 2576 προσφέρουσιν
1243 2537 1244 2556 ι

167 2593 250 2659 αὐτά
273 2605 343 2671 τοίς
367 2595 521 2681 ἱερεῦσιν.
557 2596 594 2660 τὸ
618 2597 682 2682 γάρ
705 2593 775 2661 κατ’
799 2597 905 2679 ὄνομα
928 2598 1121 2681 χαιρετίζειν
1142 2593 1175 2658 ἐν

166 2712 237 2778 τοῖς
260 2705 485 2788 Βρουμαλίοις
511 2705 675 2788 νεωτερόν
702 2700 785 2767 ἐστι·
816 2703 854 2767 τὸ
883 2699 920 2767 δὲ
947 2701 1175 2786 ἀληθέστερον,

166 2806 199 2886 ἐξ
223 2803 264 2873 οὗ
286 2806 341 2872 καὶ
364 2808 385 2892 ἡ
409 2808 565 2892 ἐκκλησία
587 2807 803 2895 ἀποτρέπεται
823 2808 917 2894 αὐτά,
940 2812 1090 2894 Κρονίας
1111 2807 1174 2893 ἑορ-
1242 2849 1243 2890 η

125 2941 151 2982 ετ
165 2917 223 2992 τάς
255 2915 357 2992 αὐτάς
388 2913 553 2998 λέγουσιν.
600 2914 637 2980 έν
667 2912 763 2980 νυκτί
796 2911 833 2980 δέ
865 2920 1033 2999 γίνονται,
1067 2915 1116 2981 ὅτι
1142 2913 1175 2980 έν

165 3024 274 3087 σκότει
298 3020 389 3088 ἐστὶν
412 3022 430 3088 ὁ
448 3025 582 3108 Κρόνος
604 3024 649 3099 ὡς
671 3021 898 3110 ταρταροιθείς
919 3022 986 3088 ὑπὸ
1007 3033 1068 3089 τοῦ
1086 3024 1173 3102 Διός,

165 3130 367 3194 αἰνίττονται
392 3125 429 3194 δὲ
452 3131 512 3194 τὸν
536 3139 630 3196 σῖτον
652 3129 717 3195 άπὸ
740 3139 801 3196 τοῦ
825 3130 863 3195 έν
887 3139 926 3216 τῇ
949 3139 992 3215 γη
1015 3139 1174 3216 σπαρῆναι

163 3231 278 3299 καὶτὸ
306 3236 427 3300 λοιπὸν
453 3237 496 3319 μη
525 3236 740 3321 φαινομένου.
786 3245 885 3302 τοῦτο
916 3235 956 3301 δέ
983 3235 1075 3302 ε’στιν
1104 3235 1174 3318 άλη-

162 3341 326 3427 θίστερον
358 3342 402 3419 ὡς
434 3348 576 3428 είρηται,
614 3344 665 3409 ὅτι
702 3346 902 3431 νυκτιπόρος
935 3342 956 3426 ἡ
988 3342 1065 3430 περί
1097 3341 1173 3408 αὐτὰ

123 3475 149 3514 ιο
164 3450 304 3532 σπουόη,
324 3450 407 3514 ὥστε
425 3450 544 3515 λοιπὸν
561 3453 645 3517 κατὰ
663 3452 701 3516 τὸ
720 3447 845 3534 ἀληθὲς
862 3461 930 3516 τῶν
947 3453 1173 3535 καταχθονίων

163 3555 334 3639 δαιμόνων
357 3554 443 3621 εἰσίν
465 3554 577 3642 ἑορταί
599 3560 640 3624 τά
663 3559 867 3644 Βρουμάλια.
