2556 3996
487 185 595 240 εωιιιει
613 185 733 241 ALTER
1072 190 1115 255 35

87 351 274 446 αἰσθήσεις
295 346 351 414 καὶ
373 347 411 413 τὸ
435 350 625 433 φωνητικὸν
648 352 794 436 ὄργανον
816 349 872 416 καὶ
899 351 953 417 ἐπὶ
975 363 1055 420 πᾶσι
1078 355 1115 419 τὸ
1130 363 1156 416 Χ

87 459 250 541 γόνιμον.
295 453 351 520 καὶ
373 456 411 520 τὸ
433 465 501 521 πᾶν
524 452 561 522 δὲ
578 465 678 523 τοῦτο
702 456 739 522 ἐν
758 455 838 522 ἑπτά
865 464 1055 545 θεωρεῖται·
1079 460 1116 526 ἐν

87 563 227 648 σώματι
241 561 278 627 ἐν
297 562 466 627 διαστάσει
490 560 527 627 έν
550 565 689 647 σχήματι
708 562 745 628 ἐν
763 563 899 648 μεγέθει
918 563 954 630 έν
968 568 1116 653 χρώματι

89 668 134 734 έν
160 672 290 752 κινήσει
317 668 354 734 ἐν
382 671 507 735 στάσει·
538 667 594 734 καὶ
625 671 714 753 παρὰ
746 680 849 736 ταῦτα
873 668 975 738 οὐδέν
1001 671 1117 759 ἕτερον

89 773 286 860 συμβέβηκε
304 786 374 852 τοῖς
391 775 585 863 δρωμένοις·
613 779 765 863 τῶνγὰρ
789 780 961 862 αἰσθητῶν
983 781 1023 845 τά
1046 797 1116 847 στε-
1143 808 1156 849 ε

91 885 161 968 ρεὰ
182 883 449 969 προόπινοεῖται,
476 894 544 948 τῶν
566 879 605 948 δέ
633 895 776 970 στερεῶν
798 887 839 950 τά
866 884 1019 971 ἐπίπεδα,
1048 899 1117 953 τῶν

92 985 136 1054 δὲ
172 988 338 1055 ἐπιπέδων
370 991 404 1056 αἱ
436 989 641 1075 ἐπιφάνειαι,
677 1002 745 1056 τῶν
781 987 819 1056 δέ
851 991 1055 1077 ἐπιφανειῶν
1082 995 1117 1059 αλ

91 1100 260 1182 γραμμαί,
282 1107 350 1162 τῶν
372 1093 410 1162 δέ
432 1108 593 1184 γραμμῶν
616 1098 651 1162 αἱ
670 1101 814 1182 στιγμαί,
828 1110 896 1163 τῶν
914 1095 951 1163 δὲ
970 1112 1118 1185 στιγμῶν

94 1205 133 1270 οἱ
152 1203 309 1290 ἀριθμοί,
338 1207 373 1270 οἳ
395 1205 437 1288 δη
459 1201 515 1269 καὶ
538 1212 585 1292 τῷ
604 1204 731 1288 σώματι
757 1206 990 1289 τυγχάνουσιν.
1037 1204 1117 1272 ἑπτά

94 1307 139 1376 δὲ
165 1309 222 1375 καὶ
249 1321 373 1396 φωνῶν
399 1313 592 1395 μεταβολαί,
624 1309 714 1388 ὀξεῖα
742 1314 858 1397 βαρεῖα
885 1312 1117 1398 περισπωμένη
1131 1343 1157 1381 10

96 1417 323 1503 σύμφθογγος
350 1419 432 1501 ψιλή
459 1440 495 1482 τε
521 1415 577 1482 καὶ
609 1418 718 1503 μακρά
745 1415 800 1482 καὶ
823 1421 968 1502 βραχεῖα.
1014 1421 1117 1484 ἐνθεν
1129 1430 1189 1485 ΧΥ

95 1522 155 1589 καὶ
185 1525 224 1589 τά
248 1522 416 1609 ἑπτάμηνα
438 1522 546 1610 βρέφη
575 1529 859 1606 τελειογονεῑσθαι
886 1523 1049 1609 πέφυκεν,
1073 1525 1117 1602 ὡς

92 1629 313 1717 Ἱπποκράτης
331 1627 433 1712 λέγει·
455 1629 476 1713 ἡ
495 1631 559 1715 γάρ
578 1639 638 1695 τοῦ
656 1629 806 1717 ἀριθμοῦ
828 1631 1034 1714 ψυχογονικη
1058 1631 1116 1696 δά-
1130 1643 1212 1698 XYS

97 1761 200 1821 ναμις
231 1739 272 1801 τὰ
304 1734 472 1821 ἑπτάμηνα
502 1735 610 1802 τέλεια
642 1734 837 1821 ἀποφαίνει,
873 1736 960 1802 διότι
993 1742 1118 1815 τελείας

97 1846 257 1931 περίοδος
285 1852 462 1929 σφαιρικης
489 1841 624 1930 ἀριθμῷ
654 1846 766 1931 τελείῳ
794 1841 850 1908 καὶ
877 1853 1038 1932 κοσμικῳ,
1071 1854 1117 1934 tp*
1131 1865 1157 1904 ιε

98 1957 374 2037 φυχοκρατητικῳ
406 1947 461 2014 καὶ
490 1957 703 2037 φυχογουικῶ
736 1948 934 2035 περιέχεται·
966 1948 1021 2015 καὶ
1054 1953 1117 2039 γάρ

98 2058 165 2140 τὴν
195 2057 306 2141 ψυχὴν
334 2055 353 2121 δ
390 2059 526 2139 Τίμαιος
554 2053 586 2133 ἐξ
620 2053 700 2120 ἑπτά
736 2055 893 2141 ἀριθμῶν
930 2055 1118 2141 συνέστησε.

99 2161 158 2229 καὶ
181 2165 326 2246 κινήσεις
349 2158 386 2227 δὲ
410 2163 445 2226 αλ
467 2171 570 2227 πᾶσαι
589 2164 687 2247 μόναι
712 2159 799 2227 εἰσὶν
827 2160 922 2245 ἑπτά,
945 2163 966 2245 ἥ
989 2186 1024 2227 τε
1048 2164 1117 2230 άνω
1131 2176 1181 2232 XS

99 2271 123 2354 ἥ
142 2293 177 2335 τε
199 2271 297 2353 κάτω,
319 2267 339 2351 ἡ
358 2267 502 2346 ἐπιδέξια
519 2268 539 2352 ἡ
559 2267 713 2353 εὐώνυμα
735 2268 883 2354 ἡπρόσω
900 2268 920 2352 ἡ
940 2270 1116 2354 κατόπινὴ

101 2376 141 2442 ἐν
163 2376 281 2464 κύκλῳ.
328 2378 501 2460 στοιχείων
532 2371 569 2439 δὲ
596 2376 637 2440 τά
669 2378 843 2459 φωνήεντα
876 2373 970 2460 ἑπτά,
1004 2375 1116 2461 ἐπειδὴ
1131 2392 1187 2448 XY

100 2480 158 2548 καὶ
186 2481 218 2560 ἐξ
247 2480 374 2547 ἑαυτῶν
401 2484 487 2546 έοικε
514 2488 703 2566 φωνεῑσθαι
729 2479 784 2545 καὶ
807 2492 877 2558 τοῖς
901 2483 1014 2558 άλλοις
1037 2500 1116 2548 συν-
1130 2509 1155 2548 ιι

174 2623 198 2659 v.
220 2608 252 2656 12
270 2602 456 2673 Hippocrates
470 2603 535 2671 περὶ
554 2601 714 2670 ἑπταμήνου
728 2603 771 2656 ed.
786 2603 870 2656 Ksihn
884 2602 897 2656 Ι
911 2607 972 2673 444,
987 2602 1022 2658 cf.
1037 2603 1116 2658 Diels

101 2675 225 2745 Doxogr.
239 2693 280 2745 gr.
295 2680 367 2729 428ιι
378 2681 420 2744 16,
434 2673 472 2726 b1
548 2679 580 2726 16
599 2673 672 2728 Plat.
692 2673 763 2727 Tim.
781 2691 808 2743 p.
824 2673 893 2728 36])

175 2800 198 2836 v.
219 2787 234 2834 3
254 2782 358 2851 σώμασι
376 2781 411 2850 Α,
431 2782 535 2850 σώματι
548 2780 591 2851 Α,
612 2796 700 2850 marg.
720 2780 747 2833 Β
820 2786 836 2833 6
855 2786 1075 2849 προϋπονοεῖται
1088 2783 1116 2836 A

102 2859 118 2908 9
139 2853 260 2920 σάματοι
278 2851 446 2922 τυχάνουσιν
464 2852 500 2920 A,
524 2850 665 2919 άσάματοι
684 2850 719 2905 ci.
739 2849 790 2906 (δυ,
809 2851 889 2907 Kroll
963 2858 995 2905 12
1014 2851 1116 2906 καὶτὰ

102 2923 249 2993 ἑπτάμηνα
267 2921 298 2977 δὲ
316 2926 551 2994 τελειογονεῑσθαι
574 2923 604 2976 Y
620 2924 624 2992 Ι
645 2923 682 2984 ὡς
696 2920 883 2992 Ἱπποκράτης
901 2920 973 2992 λέγει
991 2923 1070 2978 omis.
1090 2923 1120 2976 Y

103 3000 137 3049 13
157 2992 200 3048 ότι
226 2993 244 3063 ἡ
267 3002 317 3048 τοῦ
340 2994 465 3062 ἀριθμοῦ
492 2991 676 3064 ψυχαγωγική
701 2992 754 3048 inc.
774 2993 797 3048 S
823 2997 827 3063 Ι
857 2993 1040 3064 ψυχαγωγικὴ
1060 2993 1119 3048 XS

102 3072 136 3120 15
155 3062 290 3134 περιόδου
309 3065 394 3136 ΧΥΙ
410 3065 459 3119 καλ
477 3065 589 3134 άριθμῶ
609 3065 641 3118 Χ
717 3069 750 3117 16
769 3063 1001 3136 φνχοκρατητικῷ
1018 3083 1048 3118 τε
1067 3066 1115 3119 καλ

106 3138 135 3191 Y
207 3141 238 3190 17
256 3133 401 3205 συνέστηκε
419 3136 448 3189 Β
521 3141 554 3190 18
573 3137 621 3191 καλ
640 3134 810 3202 κινήσεις-
824 3140 858 3188 20
877 3134 908 3190 ἐν
926 3135 1016 3208 κύκλῳ
1035 3135 1114 3190 omis.

106 3209 153 3279 Yl
170 3205 201 3261 δὲ
221 3206 298 3262 omiS.
317 3207 340 3262 S
358 3208 362 3278 Ι
382 3204 467 3275 μόναι
486 3206 563 3261 omia.
583 3207 605 3261 S
619 3209 623 3278 λ
640 3205 709 3261 ἑπτά
728 3207 798 3260 εἰσιν
816 3206 839 3260 S
853 3208 856 3276 λ
873 3205 891 3274 ἡ
909 3206 1000 3260 κόκλω
1018 3205 1035 3275 ἡ
1055 3205 1114 3261 άνω

102 3277 210 3348 ἡκάτω
229 3279 278 3332 καὶ
296 3278 326 3332 αλ
345 3277 408 3348 ἑξῆς
422 3279 470 3332 καλ
489 3277 554 3333 οόδέ
572 3277 590 3346 ἡ
609 3276 720 3332 ὑδάτων
739 3280 775 3346 (p.
791 3282 833 3346 36,
849 3277 913 3346 5)S
983 3281 1016 3329 19
1036 3276 1114 3342 δεξιά

101 3351 138 3420 A,
158 3348 205 3403 έπλ
219 3346 297 3414 δέξια
311 3350 340 3402 Β
355 3351 359 3420 Ι
375 3349 424 3403 καλ
438 3349 567 3419 εὐώνυμα
581 3349 609 3402 Β
625 3351 629 3418 1
645 3349 692 3403 καλ
707 3345 826 3403 κατόπιν
839 3348 868 3401 Β
941 3353 975 3401 20
988 3348 1037 3401 καὶ
1055 3369 1114 3417 φω-

102 3421 206 3489 νήεντα
224 3417 255 3474 δὲ
274 3418 356 3488 ἑπτά,
380 3420 451 3489 άπερ
471 3420 499 3486 ἐξ
519 3419 624 3475 ἑαυτῶν
643 3427 793 3489 φωνοῦντα
813 3428 873 3481 τοῖς
891 3417 941 3487 μὲν
959 3417 1115 3488 ἡμιφώνοις

103 3488 298 3561 συναπτόμενα
317 3489 475 3616 άῗπληροῑ
493 3492 524 3547 τὸ
543 3488 653 3560 ἐνδέον,
676 3500 734 3553 τοῖς
756 3489 788 3544 δὲ
811 3491 937 3559 άφάνοις
954 3487 1047 3557 τρέπει
1066 3492 1114 3545 καλ

102 3567 159 3619 κτλ.
178 3565 215 3632 (p.
230 3568 272 3633 36,
288 3565 315 3633 3)
396 3563 398 3570 ⁴

913 3649 949 3704 3*
