2524 3984
166 222 280 279 XLVIII
571 215 779 278 PRAEFATIO

166 391 273 450 horum
295 389 448 450 contextui
469 381 557 449 illata
580 407 652 466 esee,
675 391 729 449 ita'
742 391 789 458 ut
801 389 921 464 saepius
944 387 1076 448 medelas
1095 407 1190 465 quae-

165 499 232 540 rere
256 498 335 556 opus
359 480 405 540 sit.
671 477 688 543 ’Δ

235 567 293 628 Sed
314 569 377 627 iam
398 567 431 627 in
454 567 663 628 enumerandis
690 565 843 642 subsidiis,
871 565 978 642 quibus
1006 565 1104 625 adiuti
1127 565 1190 642 Ly-

168 657 290 717 dianum
308 657 418 716 librum
433 656 468 716 de
482 657 632 716 mensibus
646 656 804 716 restituere
823 673 973 730 conemur,
996 657 1189 715 transeamus

164 746 205 806 ab
228 747 331 824 ignoto
354 747 408 806 illo
427 745 536 807 codicis
551 745 745 814 Scorialensis
763 746 884 806 auctore
903 743 943 802 ad
956 744 1029 803 duos
1043 741 1191 820 Byzanti·

164 847 274 896 norum
301 835 382 895 viros
410 835 527 910 doctos,
558 854 684 911 quorum
710 836 836 910 uterque
860 853 876 892 e
898 832 1055 892 Laurentii
1078 831 1190 892 codici·

168 925 222 984 bns
246 925 286 984 ad
307 924 384 983 illud
406 926 525 1000 tempus
548 923 674 1002 integris
697 923 860 998 epItomam
882 921 939 981 sibi
962 922 1046 998 fecit,
1076 919 1190 991 Geor:

113 1079 118 1090 ,
164 1014 267 1092 'giam
291 1012 487 1073 Oedrenum
510 1012 576 1072 dico
600 1014 631 1071 et
653 1007 845 1070 Maximum
867 1011 1073 1070 Planudem.

55 1090 168 1174 ζοηῃῗμ
235 1103 336 1178 Atque
377 1103 409 1160 in
447 1100 612 1161 Oedreni
654 1099 775 1176 quidem
814 1100 959 1159 historiae
1001 1099 1189 1176 compendia

85 1233 88 1242 ·
164 1191 249 1268 *quod
272 1192 350 1251 eirca
373 1210 485 1250 annum
509 1191 596 1251 1100
617 1210 646 1266 p.
667 1187 733 1248 (ihr.
757 1189 958 1264 conscriptum
977 1181 1049 1263 eet¹
1067 1191 1189 1248 senten·
1253 1177 1254 1250 i

163 1273 278 1340 tiorum
310 1299 402 1339 nexus
433 1299 462 1356 p.
491 1281 555 1341 294
588 1277 728 1338 editionis
758 1277 925 1338 Bonnensis
956 1277 1190 1354 interrumpitur
1253 1295 1254 1348 r

165 1371 372 1446 excerptorum
399 1369 474 1428 serie
502 1368 581 1428 varii
611 1367 742 1446 generis,
775 1385 866 1443 quam
897 1368 998 1425 tamen
1027 1383 1123 1442 usque
1149 1366 1189 1426 a'd

166 1478 196 1535 p.
216 1460 278 1519 299
304 1478 339 1517 ex
356 1477 416 1517 uno
440 1456 602 1533 eodemque
629 1458 750 1517 auctore
777 1455 906 1532 petitam
935 1473 998 1514 esee
1028 1459 1188 1531 appareat,

163 1546 311 1623 'illumque
344 1548 497 1607 auctorem
528 1545 671 1606 Ioannem
702 1543 899 1603 Laurentium
934 1543 1026 1604 fuisse
1058 1543 1185 1621 eiusque

167 1635 277 1694 tibrum
291 1635 327 1694 de
340 1634 490 1694 mensibus
508 1633 684 1693 iamdudum
702 1632 990 1693 amimadverterunt
1003 1631 1061 1692 viri
1076 1624 1188 1708 docti,²

166 1737 293 1801 'cumque
323 1724 444 1782 illorum
473 1723 710 1801 fragmentorum
738 1721 847 1799 viginti
886 1721 1088 1782 consentirent
1119 1740 1188 1781 cum

166 1812 317 1874 codicibus
339 1811 419 1888 Lydi
445 1812 563 1872 nomine
584 1811 720 1887 notam,
751 1812 896 1887 quattuor
915 1811 1046 1887 reliqua,
1076 1809 1187 1888 quibus

167 1901 283 1960 nulium
312 1901 374 1960 tale
404 1900 608 1960 testimonium
638 1901 759 1975 aderat,
795 1899 827 1957 in
859 1899 1022 1959 editionem
1050 1900 1186 1976 recipere

164 2010 227 2050 non
263 1989 409 2050 dubitavi.
464 1990 644 2066 excerptoris
680 1992 782 2049 autem
813 2007 935 2048 munere
967 1989 1011 2048 ita
1047 1988 1188 2048 iunctum

164 2091 231 2139 ‘esse
259 2080 386 2155 apparet
408 2075 589 2155 cedrenum,
617 2079 653 2137 ut
682 2080 736 2137 aut
764 2077 884 2155 singula
914 2077 1071 2137 enuntiate
1101 2079 1187 2137 nullo

164 2170 284 2227 'mutato
314 2167 405 2227 verbo
434 2167 611 2227 transferret
638 2167 671 2226 in
701 2183 776 2243 opus
807 2183 907 2241 suum,
938 2167 993 2226 aut
1023 2167 1188 2242 ampliores

166 2257 372 2334 paragraphos
395 2257 427 2315 in
449 2253 569 2316 brevius
587 2257 756 2316 contractas
774 2253 934 2316 exhiberet.
966 2256 1058 2330 atque
1076 2255 1188 2331 prioris

164 2346 297 2422 ‘quidem'
311 2345 428 2423 generis
450 2346 531 2405 locos
551 2344 593 2404 ad
615 2363 708 2404 unum
731 2362 832 2403 omnes
850 2343 882 2402 in
905 2342 1035 2404 editione
1053 2343 1187 2420 reperies
1252 2333 1253 2350 ¹

168 2437 222 2494 aut
244 2435 277 2493 in
299 2434 457 2494 verborum
483 2436 656 2494 contextum
681 2434 831 2509 receptos,
860 2434 916 2492 aut
943 2432 976 2490 in
1004 2435 1188 2509 apparatum
1252 2459 1253 2486 ;

170 2523 222 2600 qui
244 2523 311 2583 imis
333 2523 453 2602 paginis
482 2523 604 2584 additur
632 2522 796 2602 relegatos3
825 2521 949 2580 alterius
978 2521 1095 2599 generis
1126 2521 1187 2582 duo

165 2614 285 2672 restant
313 2613 387 2686 loci,
417 2630 491 2688 quos
520 2611 552 2670 in
580 2613 638 2674 hac
663 2610 851 2688 praefatione
881 2610 1087 2670 exscribendos
1110 2611 1188 2671 mihi

166 2715 389 2778 proposueram,
407 2721 445 2760 ne
461 2700 549 2761 nimie
564 2702 742 2779 gravaretur
760 2701 922 2776 apparatus
937 2699 997 2759 ille.
1028 2700 1091 2758 iam
1104 2719 1187 2774 vero,

167 2789 195 2849 si
217 2789 325 2864 placet,
347 2791 382 2848 ut
405 2807 494 2866 supra
516 2791 548 2849 in
570 2788 721 2849 codicibus
743 2787 808 2863 HS,
831 2789 874 2848 sic
896 2789 928 2847 in
952 2787 1085 2848 (tedreno
1112 2807 1186 2867 quo·

169 2895 227 2954 que
260 2879 449 2952 conspectum
480 2878 582 2939 demus
613 2879 747 2938 locorum
777 2877 859 2937 iilius
892 2880 923 2937 et
952 2876 1092 2938 editionis
1126 2880 1186 2958 Ly·

167 2965 276 3026 dianae
300 2966 517 3026 communium*

169 3108 253 3169 Oedr.
263 3129 292 3185 p.
304 3110 377 3186 294,
389 3112 423 3168 8:
440 3104 484 3168 irc
498 3099 646 3181 ὁἸούλιος
705 3106 789 3170 Oedr.
799 3127 828 3184 p.
840 3111 914 3184 294,
926 3112 959 3170 9:
988 3105 1004 3170 ὁ
1027 3102 1059 3168 δὲ
1083 3110 1186 3184 Σεξτί-

166 3271 167 3277 .
268 3187 644 3259 -Fcii'ov'Iodteov=ed.
801 3189 864 3270 λιός
879 3229 924 3239 -
938 3195 1186 3277 σεβαστόςτ-θᾶ.
1251 3267 1252 3274 .

164 3293 170 3339 j
265 3307 294 3364 p.
316 3287 442 3361 141,13
462 3303 538 3362 app..
798 3305 827 3363 p.
845 3289 974 3362 149,19
994 3306 1061 3364 app.
1251 3283 1252 3300 ¹

244 3526 253 3558 ¹
272 3525 472 3597 Krumbacher‚
492 3525 590 3582 Gcseh.
610 3527 636 3581 d.
655 3526 718 3596 byn.
737 3524 821 3582 Litt¹
838 3545 865 3598 p.
885 3531 945 3582 368.

243 3595 254 3628 ¹
272 3596 401 3653 Schultze
421 3597 536 3664 Quaeet.
553 3597 623 3668 Lyd.
641 3617 667 3668 p.
686 3604 712 3652 4.
