2556 3996
334 211 459 265 LIBER
478 211 654 277 QUARTUS.
682 212 911 268 FEBRUARIUS
1096 214 1137 278 83

510 461 750 534 Φεβρουάριος.
788 433 790 438 ,
1152 462 1178 516 X

65 594 192 651 RrIV20
209 585 262 650 25.
290 591 341 675 1⁷9·
359 592 577 676 Φεβρουαρίῳ
591 588 670 673 μηνὶ
690 588 753 654 ἀπὸ
771 590 945 674 Φεβρούας
963 595 1046 666 θεᾶς
1060 600 1242 656 XHOedren.

125 691 209 758 οὕτω
221 694 554 780 προσαγορευομένης
568 697 605 760 τὸ
620 698 726 780 ὄνομα
739 693 890 778 γέγονεν·
908 697 1085 782 Φεβρούαν
1099 693 1137 762 δὲ

123 801 207 865 θεὰν
231 803 356 887 ἔφορον
378 800 434 866 καὶ
460 803 668 888 καθαρτικὴν
695 812 763 866 τῶν
785 803 988 888 πραγμάτων
1011 804 1044 867 ολ
1063 802 1138 868 Ῥω-

122 917 214 990 μαῖοι
236 906 434 993 παρέλαβον.
481 909 629 986 Λούσιος
653 904 690 972 δὲ
713 908 751 973 έν
773 916 827 996 τςῖ,
841 907 918 994 περὶ
936 919 1052 994 μηνῶν
1073 914 1136 975 Φε-
1164 939 1176 978 5

121 1015 248 1098 βροῦον
270 1015 330 1079 τὸν
355 1017 581 1098 καταχθόνιον
604 1009 691 1080 εἶναι
714 1025 753 1100 τῇ
779 1016 940 1080 Θούσκων
964 1025 1059 1102 φωνῇ
1086 1015 1137 1082 λέ-

121 1142 182 1203 γει,
206 1122 456 1206 θεραπεύεσθαι
479 1117 517 1186 δὲ
538 1122 712 1208 πρὸςζτῶν
731 1125 936 1208 Λουπερκῶν
958 1119 1044 1209 ὑπὲρ
1068 1122 1137 1188 έπι-

121 1227 245 1302 δόσεως
267 1237 334 1292 τῶν
356 1239 502 1314 καρπῶν.
547 1227 565 1292 6
590 1224 626 1292 δὲ
650 1229 790 1312 Λαβεὼν
817 1228 881 1293 ἀπὸ
905 1238 965 1294 τοῦ
988 1228 1137 1306 πένθους

120 1332 208 1416 λέγει
240 1339 407 1418 κληθῆναι
439 1335 498 1399 τὸν
533 1336 781 1421 Φεβρουάριον·
814 1333 917 1421 φέβερ
951 1338 1014 1422 γὰρ
1046 1338 1136 1422 παρὰ
1168 1379 1170 1384 -

116 1437 286 1524 Ῥωμαίοις
314 1442 352 1506 τὸ
381 1439 507 1518 πένθος
535 1442 831 1527 προσαγορεύεται·
863 1440 933 1507 κατ’
964 1442 1067 1508 αὐτὸν
1098 1439 1136 1508 δέ
1149 1473 1176 1512 10

119 1548 198 1622 τοὺς
213 1545 470 1631 κατοιχομένους
488 1545 622 1631 ἐτίμων·
641 1546 725 1613 ἀλλὰ
739 1549 805 1632 μὴν
819 1546 875 1612 καὶ
895 1551 1083 1635 φεβρουᾶρε
1097 1550 1134 1614 τὸ

119 1659 265 1738 καθᾶραι
295 1655 335 1718 τὰ
355 1655 602 1738 ,ποντιφικάλια
631 1657 745 1738 βιβλία
773 1660 881 1739 καλεῖ,
917 1653 1049 1741 Φέβρον
1076 1656 1136 1720 τὸν

120 1758 315 1824 Πλούτωνα.
370 1759 421 1824 ὅτι
455 1760 492 1825 τὸ
529 1760 594 1826 ὑπὸ
634 1765 775 1844 σελήνην
811 1762 988 1846 δαιμόνιον
1025 1767 1168 1846 φῦλονὸ

118 1873 213 1950 τριχῆ
238 1863 391 1950 διῄρηται
414 1868 496 1932 κατὰ
518 1868 578 1932 τὸν
596 1865 798 1952 Ἰάμβλιχον·
821 1866 876 1933 καὶ
897 1869 934 1934 τὸ
953 1865 1015 1952 μὲν
1033 1871 1144 1954 πρόσ-,
1165 1911 1168 1943 ;

118 1994 212 2054 γειον
236 1970 340 2037 αὐτοῦ
363 1976 519 2059 τιμωρόν,
544 1975 579 2039 τὸ
604 1970 641 2038 δὲ
664 1973 778 2060 ἀέριον
801 1976 1016 2060 καθαρτικόν,
1040 1976 1077 2040 τὸ
1097 1971 1134 2039 δέ
1148 2005 1174 2046 1⁵

118 2079 202 2163 πρὸς
233 2088 272 2164 τῇ
303 2085 480 2166 σεληνιακῇ
511 2082 596 2167 ζώνη
627 2083 792 2167 σωτήριόν
823 2080 927 2164 ἐστιν,
959 2081 977 2146 ὃ
1008 2082 1049 2164 δὴ
1080 2080 1134 2146 καὶ

118 2185 265 2270 ἡρωϊκὸν
295 2192 404 2270 ἴσμεν·
437 2187 592 2270 ἡγεῖσθαι
627 2184 664 2252 66
697 2188 825 2270 λέγεται
856 2189 981 2264 παντὸς
1012 2189 1134 2254 τούτου

118 2290 272 2376 μέγιστός
295 2316 345 2368 τις
368 2294 510 2377 δαίμων·
535 2290 631 2372 οὗτος
650 2292 680 2359 6'
704 2294 747 2360 ἄν
767 2301 818 2378 εἴη
837 2300 965 2378 μᾶλλον
985 2295 1003 2360 6
1024 2297 1135 2360 Πλού-
1162 2337 1166 2342 -

112 2443 127 2453 ’
190 2467 214 2503 v.
230 2453 245 2502 8
265 2449 372 2504 Labeo:
391 2449 467 2502 Kahl
483 2450 585 2506 Phflol.
606 2452 696 2521 suppl.
711 2452 737 2505 V
751 2458 802 2505 '132

190 2597 245 2645 αλ
264 2601 302 2646 τῶ
326 2589 503 2662 φεβροοαρίω
519 2625 552 2632 -
568 2599 601 2646 13
619 2593 765 2648 πλούτωνα
785 2594 863 2662 ΧΗ,
888 2591 931 2648 ὅτι
955 2592 1062 2666 φέβρον
1084 2596 1134 2650 τὸν

118 2662 266 2717 πλούτωνα
289 2662 316 2716 οἱ
339 2659 458 2730 βωμαῑοι
481 2667 595 2717 καλοῦσι
617 2665 665 2718 καὶ
690 2666 847 2735 φεβρονᾶρε
870 2664 903 2719 τὸ
921 2670 1062 2736 καθῆραι,
1085 2667 1134 2720 καὶ

114 2732 176 2788 ,ἀπὸ
194 2733 300 2788 τούτων
323 2735 403 2787 δοκεῖ
425 2733 611 2804 φεβρουολριος
634 2734 831 2805 ὀνομασθῆναι
850 2735 865 2789 6
885 2735 953 2806 μήν,
977 2736 1008 2792 ἐν
1029 2733 1050 2791 ὦ
1069 2739 1134 2800 τοὺς

118 2802 334 2874 κατοιχομένους
359 2802 459 2872 ἐτίμων
484 2807 531 2859 καὶ
557 2803 625 2872 ὑπὲρ
649 2807 743 2860 αὐτῶν
765 2805 885 2876 ηὔχοντο
909 2807 959 2863 ένα
978 2805 1081 2874 ίζοντες
1104 2807 1132 2876 S,

119 2874 305 2946 φεβρονάριος
325 2874 356 2930 δὲ
375 2879 404 2929 et
421 2875 553 2930 lacunam
575 2875 658 2929 unius
677 2893 771 2930 versus
791 2893 882 2946 neque
902 2829 1056 2946 qui6quam
1075 2895 1133 2931 am-

116 2946 192 3016 plius
215 2947 254 3013 Y,
273 2945 373 3016 Georg.
389 2946 503 3002 Cedren.
518 2946 584 3002 hist.
600 2965 688 3017 comp.
707 2967 734 3018 p.
750 2954 811 3016 295,
827 2955 872 3004 15:
895 2950 1041 3020 Φεβρούαν
1058 2949 1133 3004 θεάν

117 3037 182 3072 τινα
195 3017 374 3086 καθαρτικὴν
388 3049 423 3058 -
440 3023 472 3070 12
491 3021 620 3087 καθᾶραι
674 3025 690 3072 3
705 3017 831 3092 γέγονεν]
846 3018 954 3090 λέγεται
967 3023 1088 3089 τεθῆναι
1101 3021 1137 3074 H

116 3088 227 3143 4θεὰν
252 3091 281 3142 et
303 3089 352 3143 καὶ
377 3088 455 3144 omis,
479 3091 511 3143 X
591 3089 744 3152 δἈνύσιος
757 3124 792 3131 -
807 3092 913 3162 μηνῶν]
938 3089 1026 3158 ἕτεροι
1051 3089 1082 3144 δὲ
1101 3091 1137 3145 H

119 3155 226 3214 θεῖναι
245 3157 322 3214 omit.
344 3159 458 3214 Cedren.
484 3162 488 3232 Ι
513 3159 606 3287 λέγειχ
616 3162 686 3231 φασὶ
703 3162 738 3214 Η
808 3160 874 3216 766
893 3160 971 3215 omis,
987 3162 1026 3231 X,
1045 3166 1132 3231 θερα-

117 3231 254 3284 πεύεσθαι
269 3263 302 3271 -
317 3237 334 3285 8
352 3236 469 3300 καρπῶν
488 3232 566 3302 οωίε.
608 3233 701 3287 edren.
775 3240 864 3287 δυῶν
883 3230 961 3287 omis.
982 3233 1011 3286 B
1036 3235 1040 3303 Ι
1066 3231 1132 3287 ὁθὲ

117 3303 234 3373 Λαβεὼν
249 3307 312 3356 -’9
332 3300 362 3356 λέ
379 3304 416 3374 ει]
441 3300 483 3356 έτε
501 3323 528 3357 οι
552 3302 583 3358 δὲ
597 3337 631 3343 -
646 3321 716 3372 φασι
734 3304 769 3356 Η
837 3310 853 3357 9
873 3304 943 3374 φεβρ
963 3304 1004 3372 A,
1028 3301 1133 3375 φέβους

114 3374 156 3442 Η,
175 3370 296 3445 φέβρους
313 3372 350 3426 Ge
386 3390 438 3441 en„
458 3324 542 3445 φέβερ
562 3375 590 3428 Β
663 3381 696 3429 10
715 3373 777 3429 κατ’
799 3371 897 3444 αὐτόν]
917 3373 948 3428 ἐν
965 3375 1055 3429 τούτο)
1074 3375 1128 3448 Ηλ

115 3443 160 3516 δὲ]
177 3443 231 3515 γὰρ
245 3445 273 3498 Β
346 3451 377 3497 11
399 3444 468 3498 ἀλλὰ
482 3445 537 3514 μὴν
551 3445 629 3500 omis,
645 3446 723 3501 Gedr.
741 3450 745 3516 Ι
762 3444 937 3517 φεβρουάραι
952 3447 992 3515 X,
1011 3448 1131 3518 φεβρου-

115 3524 185 3640 cinga&
203 3515 330 3640 (λέξεο,
349 3516 557 3659 τιὲ4φε1βρονιχρε
572 3517 608 3570 H
623 3589 645 3644 S
685 3524 718 3572 12
737 3517 772 3571 τὰ
786 3550 820 3558 -
834 3517 924 3588 καλεῖ]
945 3519 1015 3586 φασὶ
1034 3520 1082 3573 καλ
1100 3519 1135 3572 Η

185 3606 245 3640 τιτ
277 3606 351 3656 -ρ,
404 3630 410 3655 ,
472 3608 510 3656 αμ
545 3608 605 3658 ιχος

932 3678 969 3732 0*
