<?xml version="1.0" encoding="UTF-8"?>
<!DOCTYPE html PUBLIC "-//W3C//DTD XHTML 1.0 Transitional//EN"
    "http://www.w3.org/TR/xhtml1/DTD/xhtml1-transitional.dtd">
<html xmlns="http://www.w3.org/1999/xhtml" xml:lang="en" lang="en">
 <head>
  <title>
</title>
<meta http-equiv="Content-Type" content="text/html;charset=utf-8" />
  <meta name='ocr-system' content='tesseract 3.04.00' />
  <meta name='ocr-capabilities' content='ocr_page ocr_carea ocr_par ocr_line ocrx_word'/>
</head>
<body>
  <div class='ocr_page' id='page_1' title='image "./ioannislaurenti01wuengoog_0266.png"; bbox 0 0 2530 3988; ppageno 0'>
   <div class='ocr_carea' id='block_1_1' title="bbox 344 201 1102 268">
    <p class='ocr_par' dir='ltr' id='par_1_1' title="bbox 344 201 1102 268">
     <span class='ocr_line' id='line_1_1' title="bbox 344 201 1102 268; baseline 0.015 -12"><span class='ocrx_word' id='word_1_1' title='bbox 344 202 453 256; x_wconf 82' lang='lat' dir='ltr'>LIBER</span> <span class='ocrx_word' id='word_1_2' title='bbox 472 201 650 268; x_wconf 81' lang='lat' dir='ltr'><strong>QUARTUS.</strong></span> <span class='ocrx_word' id='word_1_3' title='bbox 680 201 849 258; x_wconf 75' lang='lat' dir='ltr'>OOTOBER</span> <span class='ocrx_word' id='word_1_4' title='bbox 1041 203 1102 267; x_wconf 89' lang='grc'><strong><em>161</em></strong></span> 
     </span>
    </p>
   </div>
   <div class='ocr_carea' id='block_1_2' title="bbox 82 363 1145 450">
    <p class='ocr_par' dir='ltr' id='par_1_2' title="bbox 82 363 1145 450">
     <span class='ocr_line' id='line_1_2' title="bbox 82 363 1145 450; baseline 0 -20"><span class='ocrx_word' id='word_1_5' title='bbox 82 369 188 442; x_wconf 83' lang='grc' dir='ltr'><strong><em>καίως</em></strong></span> <span class='ocrx_word' id='word_1_6' title='bbox 214 368 339 431; x_wconf 81' lang='grc' dir='ltr'><strong><em>κλόνον</em></strong></span> <span class='ocrx_word' id='word_1_7' title='bbox 366 367 441 430; x_wconf 82' lang='grc' dir='ltr'><strong><em>τινὰ</em></strong></span> <span class='ocrx_word' id='word_1_8' title='bbox 470 363 526 430; x_wconf 82' lang='grc' dir='ltr'><strong><em>καὶ</em></strong></span> <span class='ocrx_word' id='word_1_9' title='bbox 554 366 691 450; x_wconf 87' lang='grc' dir='ltr'><strong><em>σεισμὸν</em></strong></span> <span class='ocrx_word' id='word_1_10' title='bbox 717 364 860 450; x_wconf 78' lang='grc' dir='ltr'><strong><em>ἐμποιεῖ,</em></strong></span> <span class='ocrx_word' id='word_1_11' title='bbox 888 364 972 449; x_wconf 72' lang='grc' dir='ltr'><strong><em>ὃδὴ</em></strong></span> <span class='ocrx_word' id='word_1_12' title='bbox 995 367 1145 443; x_wconf 81' lang='grc' dir='ltr'><strong><em>κόθοςΥ</em></strong></span> 
     </span>
    </p>
   </div>
   <div class='ocr_carea' id='block_1_3' title="bbox 29 470 1146 1626">
    <p class='ocr_par' dir='ltr' id='par_1_3' title="bbox 82 470 638 558">
     <span class='ocr_line' id='line_1_3' title="bbox 82 470 638 558; baseline -0.004 -20"><span class='ocrx_word' id='word_1_13' title='bbox 82 475 208 558; x_wconf 78' lang='grc' dir='ltr'><strong><em>τρόμος</em></strong></span> <span class='ocrx_word' id='word_1_14' title='bbox 230 470 286 538; x_wconf 84' lang='grc' dir='ltr'><strong><em>καλ</em></strong></span> <span class='ocrx_word' id='word_1_15' title='bbox 308 481 414 558; x_wconf 79' lang='grc' dir='ltr'><strong><em>ψῦχος</em></strong></span> <span class='ocrx_word' id='word_1_16' title='bbox 437 472 638 556; x_wconf 81' lang='grc' dir='ltr'><strong><em>ὀνομάζεται.</em></strong></span> 
     </span>
    </p>

    <p class='ocr_par' dir='ltr' id='par_1_4' title="bbox 29 577 1145 985">
     <span class='ocr_line' id='line_1_4' title="bbox 29 577 1106 664; baseline 0.001 -22"><span class='ocrx_word' id='word_1_17' title='bbox 29 589 155 644; x_wconf 81' lang='lat' dir='ltr'>RrIII46</span> <span class='ocrx_word' id='word_1_18' title='bbox 182 578 254 644; x_wconf 87' lang='lat'>131.</span> <span class='ocrx_word' id='word_1_19' title='bbox 275 578 346 644; x_wconf 82' lang='grc' dir='ltr'><strong><em>Ὅτι</em></strong></span> <span class='ocrx_word' id='word_1_20' title='bbox 367 579 519 664; x_wconf 82' lang='grc' dir='ltr'><strong><em>Ῥωμαῖοι</em></strong></span> <span class='ocrx_word' id='word_1_21' title='bbox 543 580 623 663; x_wconf 80' lang='grc' dir='ltr'><strong><em>μετὰ</em></strong></span> <span class='ocrx_word' id='word_1_22' title='bbox 645 579 683 644; x_wconf 89' lang='grc' dir='ltr'><strong><em>τὸ</em></strong></span> <span class='ocrx_word' id='word_1_23' title='bbox 707 586 840 662; x_wconf 77' lang='grc' dir='ltr'><strong><em>νικῆσαι</em></strong></span> <span class='ocrx_word' id='word_1_24' title='bbox 863 581 942 655; x_wconf 86' lang='grc' dir='ltr'><strong><em>τοὺς</em></strong></span> <span class='ocrx_word' id='word_1_25' title='bbox 957 577 1106 664; x_wconf 81' lang='grc' dir='ltr'><strong><em>’Ἀφρους</em></strong></span> 
     </span>
     <span class='ocr_line' id='line_1_5' title="bbox 81 682 1105 772; baseline 0 -22"><span class='ocrx_word' id='word_1_26' title='bbox 81 683 139 750; x_wconf 83' lang='grc' dir='ltr'><strong><em>καὶ</em></strong></span> <span class='ocrx_word' id='word_1_27' title='bbox 164 687 205 751; x_wconf 84' lang='grc' dir='ltr'><strong><em>τὰ</em></strong></span> <span class='ocrx_word' id='word_1_28' title='bbox 229 685 360 751; x_wconf 79' lang='grc' dir='ltr'><strong><em>ἐκεῖθεν</em></strong></span> <span class='ocrx_word' id='word_1_29' title='bbox 382 689 488 772; x_wconf 86' lang='grc' dir='ltr'><strong><em>θηρία</em></strong></span> <span class='ocrx_word' id='word_1_30' title='bbox 510 682 564 750; x_wconf 78' lang='grc' dir='ltr'><strong><em>ἐπὶ</em></strong></span> <span class='ocrx_word' id='word_1_31' title='bbox 587 694 644 768; x_wconf 79' lang='grc' dir='ltr'><strong><em>τῆς</em></strong></span> <span class='ocrx_word' id='word_1_32' title='bbox 663 684 785 770; x_wconf 81' lang='grc' dir='ltr'><strong><em>Ῥώμης</em></strong></span> <span class='ocrx_word' id='word_1_33' title='bbox 809 684 960 770; x_wconf 78' lang='grc' dir='ltr'><strong><em>ἐκόμιζον</em></strong></span> <span class='ocrx_word' id='word_1_34' title='bbox 977 683 1033 750; x_wconf 85' lang='grc' dir='ltr'><strong><em>καὶ</em></strong></span> <span class='ocrx_word' id='word_1_35' title='bbox 1052 683 1105 750; x_wconf 79' lang='grc' dir='ltr'><strong><em>ἐπὶ</em></strong></span> 
     </span>
     <span class='ocr_line' id='line_1_6' title="bbox 80 788 1145 877; baseline 0.002 -21"><span class='ocrx_word' id='word_1_36' title='bbox 80 801 143 876; x_wconf 78' lang='grc' dir='ltr'><strong><em>τῆς</em></strong></span> <span class='ocrx_word' id='word_1_37' title='bbox 167 794 279 877; x_wconf 85' lang='grc' dir='ltr'><strong><em>όίμμου</em></strong></span> <span class='ocrx_word' id='word_1_38' title='bbox 299 791 475 877; x_wconf 80' lang='grc' dir='ltr'><strong><em>ἐφόνευον,</em></strong></span> <span class='ocrx_word' id='word_1_39' title='bbox 498 793 543 868; x_wconf 77' lang='grc' dir='ltr'><strong><em>ὡς</em></strong></span> <span class='ocrx_word' id='word_1_40' title='bbox 561 788 644 877; x_wconf 69' lang='grc' dir='ltr'><strong><em>μηδὲ</em></strong></span> <span class='ocrx_word' id='word_1_41' title='bbox 662 793 702 856; x_wconf 83' lang='grc' dir='ltr'><strong><em>τὰ</em></strong></span> <span class='ocrx_word' id='word_1_42' title='bbox 723 790 833 874; x_wconf 77' lang='grc' dir='ltr'><strong><em>ἕκτης</em></strong></span> <span class='ocrx_word' id='word_1_43' title='bbox 852 793 961 877; x_wconf 81' lang='grc' dir='ltr'><strong><em>χώρας</em></strong></span> <span class='ocrx_word' id='word_1_44' title='bbox 979 790 1105 876; x_wconf 80' lang='grc' dir='ltr'><strong><em>ἐκείνης</em></strong></span> <span class='ocrx_word' id='word_1_45' title='bbox 1133 819 1145 858; x_wconf 79' lang='grc' dir='ltr'><strong><em>τ</em></strong></span> 
     </span>
     <span class='ocr_line' id='line_1_7' title="bbox 79 899 516 985; baseline 0 -22"><span class='ocrx_word' id='word_1_46' title='bbox 79 902 191 984; x_wconf 88' lang='grc' dir='ltr'><strong><em>θηρία</em></strong></span> <span class='ocrx_word' id='word_1_47' title='bbox 214 899 388 965; x_wconf 79' lang='grc' dir='ltr'><em>ἀδούλωτοι</em></span> <span class='ocrx_word' id='word_1_48' title='bbox 410 904 516 985; x_wconf 88' lang='grc' dir='ltr'><strong><em>μείνη.</em></strong></span> 
     </span>
    </p>

    <p class='ocr_par' dir='ltr' id='par_1_5' title="bbox 30 1003 1146 1626">
     <span class='ocr_line' id='line_1_8' title="bbox 30 1003 1106 1094; baseline 0 -23"><span class='ocrx_word' id='word_1_49' title='bbox 30 1024 61 1072; x_wconf 76' lang='grc'><strong><em>47</em></strong></span> <span class='ocrx_word' id='word_1_50' title='bbox 156 1005 229 1070; x_wconf 81' lang='lat'><strong>132.</strong></span> <span class='ocrx_word' id='word_1_51' title='bbox 251 1004 322 1071; x_wconf 84' lang='grc' dir='ltr'><strong><em>Ὅτι</em></strong></span> <span class='ocrx_word' id='word_1_52' title='bbox 349 1007 411 1089; x_wconf 81' lang='grc' dir='ltr'><strong><em>τὴν</em></strong></span> <span class='ocrx_word' id='word_1_53' title='bbox 439 1004 618 1090; x_wconf 76' lang='grc' dir='ltr'><strong><em>ἱσταμένην</em></strong></span> <span class='ocrx_word' id='word_1_54' title='bbox 645 1003 682 1071; x_wconf 80' lang='grc' dir='ltr'><strong><em>ἐν</em></strong></span> <span class='ocrx_word' id='word_1_55' title='bbox 709 1013 755 1093; x_wconf 76' lang='grc' dir='ltr'><strong><em>τῷ</em></strong></span> <span class='ocrx_word' id='word_1_56' title='bbox 783 1008 953 1094; x_wconf 78' lang='grc' dir='ltr'><strong><em>Βυζαντίῳ</em></strong></span> <span class='ocrx_word' id='word_1_57' title='bbox 982 1009 1106 1091; x_wconf 78' lang='grc' dir='ltr'><strong><em>στήλην</em></strong></span> 
     </span>
     <span class='ocr_line' id='line_1_9' title="bbox 80 1109 1106 1197; baseline 0 -20"><span class='ocrx_word' id='word_1_58' title='bbox 80 1121 142 1196; x_wconf 80' lang='grc' dir='ltr'><strong><em>τῆς</em></strong></span> <span class='ocrx_word' id='word_1_59' title='bbox 167 1113 274 1196; x_wconf 86' lang='grc' dir='ltr'><strong><em>Τύχης</em></strong></span> <span class='ocrx_word' id='word_1_60' title='bbox 293 1115 468 1197; x_wconf 75' lang='grc' dir='ltr'><strong><em>Πομπήϊος</em></strong></span> <span class='ocrx_word' id='word_1_61' title='bbox 491 1111 509 1176; x_wconf 88' lang='grc' dir='ltr'>ὁ</span> <span class='ocrx_word' id='word_1_62' title='bbox 528 1110 646 1193; x_wconf 82' lang='grc' dir='ltr'><strong><em>Μέγας</em></strong></span> <span class='ocrx_word' id='word_1_63' title='bbox 665 1112 813 1193; x_wconf 80' lang='grc' dir='ltr'><strong><em>ἔστησεν</em></strong></span> <span class='ocrx_word' id='word_1_64' title='bbox 833 1109 982 1176; x_wconf 79' lang='grc' dir='ltr'><strong><em>ἐνταῦθα</em></strong></span> <span class='ocrx_word' id='word_1_65' title='bbox 1000 1113 1106 1197; x_wconf 79' lang='grc' dir='ltr'><strong><em>&lt;γὰρ&gt;</em></strong></span> 
     </span>
     <span class='ocr_line' id='line_1_10' title="bbox 79 1216 1106 1304; baseline 0 -20"><span class='ocrx_word' id='word_1_66' title='bbox 79 1222 145 1285; x_wconf 89' lang='grc' dir='ltr'><strong><em>τὸν</em></strong></span> <span class='ocrx_word' id='word_1_67' title='bbox 162 1220 383 1304; x_wconf 75' lang='grc' dir='ltr'><strong><em>Μιθριδάτην</em></strong></span> <span class='ocrx_word' id='word_1_68' title='bbox 401 1221 597 1302; x_wconf 79' lang='grc' dir='ltr'><strong><em>συγκλείσας</em></strong></span> <span class='ocrx_word' id='word_1_69' title='bbox 615 1219 778 1302; x_wconf 80' lang='grc' dir='ltr'><strong><em>μετὰτῶν</em></strong></span> <span class='ocrx_word' id='word_1_70' title='bbox 796 1219 939 1282; x_wconf 83' lang='grc' dir='ltr'><strong><em>Γότθων</em></strong></span> <span class='ocrx_word' id='word_1_71' title='bbox 956 1216 1012 1283; x_wconf 82' lang='grc' dir='ltr'><strong><em>καὶ</em></strong></span> <span class='ocrx_word' id='word_1_72' title='bbox 1029 1220 1106 1284; x_wconf 86' lang='grc' dir='ltr'><strong><em>τού-</em></strong></span> 
     </span>
     <span class='ocr_line' id='line_1_11' title="bbox 78 1315 1146 1410; baseline 0.001 -18"><span class='ocrx_word' id='word_1_73' title='bbox 78 1350 166 1402; x_wconf 86' lang='grc' dir='ltr'><strong><em>τους</em></strong></span> <span class='ocrx_word' id='word_1_74' title='bbox 198 1327 417 1402; x_wconf 80' lang='grc' dir='ltr'><strong><em>δ-ιασκεθόσας</em></strong></span> <span class='ocrx_word' id='word_1_75' title='bbox 450 1327 488 1391; x_wconf 93' lang='grc' dir='ltr'><strong><em>τὸ</em></strong></span> <span class='ocrx_word' id='word_1_76' title='bbox 517 1327 702 1405; x_wconf 80' lang='grc' dir='ltr'><strong><em>Βυζάντιον</em></strong></span> <span class='ocrx_word' id='word_1_77' title='bbox 732 1315 807 1390; x_wconf 86' lang='grc' dir='ltr'><strong><em>εἷλε.</em></strong></span> <span class='ocrx_word' id='word_1_78' title='bbox 860 1323 916 1389; x_wconf 84' lang='grc' dir='ltr'><strong><em>καὶ</em></strong></span> <span class='ocrx_word' id='word_1_79' title='bbox 946 1336 1107 1410; x_wconf 85' lang='grc' dir='ltr'><strong><em>μαρτυρεῖ</em></strong></span> <span class='ocrx_word' id='word_1_80' title='bbox 1120 1354 1146 1393; x_wconf 79' lang='grc' dir='ltr'><strong><em>ιο</em></strong></span> 
     </span>
     <span class='ocr_line' id='line_1_12' title="bbox 79 1431 1106 1518; baseline -0.002 -19"><span class='ocrx_word' id='word_1_81' title='bbox 79 1435 119 1499; x_wconf 92' lang='grc' dir='ltr'><strong><em>τὸ</em></strong></span> <span class='ocrx_word' id='word_1_82' title='bbox 157 1431 212 1499; x_wconf 79' lang='grc' dir='ltr'><strong><em>ἐπὶ</em></strong></span> <span class='ocrx_word' id='word_1_83' title='bbox 243 1442 301 1516; x_wconf 79' lang='grc' dir='ltr'><strong><em>τῆς</em></strong></span> <span class='ocrx_word' id='word_1_84' title='bbox 333 1436 469 1518; x_wconf 83' lang='grc' dir='ltr'><strong><em>σπείρας</em></strong></span> <span class='ocrx_word' id='word_1_85' title='bbox 498 1442 559 1498; x_wconf 86' lang='grc' dir='ltr'><strong><em>τοῦ</em></strong></span> <span class='ocrx_word' id='word_1_86' title='bbox 588 1436 701 1508; x_wconf 90' lang='grc' dir='ltr'><strong><em>κίονος</em></strong></span> <span class='ocrx_word' id='word_1_87' title='bbox 730 1431 919 1517; x_wconf 78' lang='grc' dir='ltr'><strong><em>ἐπίγραμμα</em></strong></span> <span class='ocrx_word' id='word_1_88' title='bbox 947 1434 1106 1508; x_wconf 87' lang='grc' dir='ltr'><strong><em>Λατίνοις</em></strong></span> 
     </span>
     <span class='ocr_line' id='line_1_13' title="bbox 77 1538 563 1626; baseline -0.004 -20"><span class='ocrx_word' id='word_1_89' title='bbox 77 1541 286 1626; x_wconf 81' lang='grc' dir='ltr'><strong><em>γράμμασιν,</em></strong></span> <span class='ocrx_word' id='word_1_90' title='bbox 310 1538 328 1605; x_wconf 82' lang='grc' dir='ltr'><strong>ὃ</strong></span> <span class='ocrx_word' id='word_1_91' title='bbox 351 1541 449 1624; x_wconf 75' lang='grc' dir='ltr'><strong><em>δηλοῖ</em></strong></span> <span class='ocrx_word' id='word_1_92' title='bbox 471 1541 563 1605; x_wconf 78' lang='grc' dir='ltr'><strong><em>τάδε·</em></strong></span> 
     </span>
    </p>
   </div>
   <div class='ocr_carea' id='block_1_4' title="bbox 83 1679 1106 1864">
    <p class='ocr_par' dir='ltr' id='par_1_6' title="bbox 83 1679 1106 1864">
     <span class='ocr_line' id='line_1_14' title="bbox 83 1679 1106 1769; baseline -0.002 -23"><span class='ocrx_word' id='word_1_93' title='bbox 83 1687 135 1769; x_wconf 72' lang='grc' dir='ltr'><strong><em>Τῇ</em></strong></span> <span class='ocrx_word' id='word_1_94' title='bbox 165 1683 255 1768; x_wconf 81' lang='grc' dir='ltr'><strong><em>Τύχη</em></strong></span> <span class='ocrx_word' id='word_1_95' title='bbox 277 1690 317 1768; x_wconf 78' lang='grc' dir='ltr'><strong><em>τῇ</em></strong></span> <span class='ocrx_word' id='word_1_96' title='bbox 341 1681 591 1768; x_wconf 75' lang='grc' dir='ltr'><strong><em>ἐπανασωστικῇ</em></strong></span> <span class='ocrx_word' id='word_1_97' title='bbox 620 1683 676 1746; x_wconf 79' lang='grc' dir='ltr'><strong><em>διὰ</em></strong></span> <span class='ocrx_word' id='word_1_98' title='bbox 698 1683 777 1757; x_wconf 87' lang='grc' dir='ltr'><strong><em>τοὺς</em></strong></span> <span class='ocrx_word' id='word_1_99' title='bbox 800 1679 1000 1764; x_wconf 80' lang='grc' dir='ltr'><strong><em>νικηθέντας</em></strong></span> <span class='ocrx_word' id='word_1_100' title='bbox 1024 1681 1106 1745; x_wconf 88' lang='grc' dir='ltr'><strong><em>Γότ-</em></strong></span> 
     </span>
     <span class='ocr_line' id='line_1_15' title="bbox 820 1793 944 1864; baseline 0 -13"><span class='ocrx_word' id='word_1_101' title='bbox 820 1829 823 1836; x_wconf 90' lang='lat'>·</span> <span class='ocrx_word' id='word_1_102' title='bbox 849 1793 944 1864; x_wconf 89' lang='grc' dir='ltr'><strong><em>θους.</em></strong></span> 
     </span>
    </p>
   </div>
   <div class='ocr_carea' id='block_1_5' title="bbox 29 1909 1169 2428">
    <p class='ocr_par' dir='ltr' id='par_1_7' title="bbox 29 1909 1145 2086">
     <span class='ocr_line' id='line_1_16' title="bbox 29 1909 1145 2000; baseline -0.004 -20"><span class='ocrx_word' id='word_1_103' title='bbox 29 1925 105 1980; x_wconf 67' lang='grc'><strong><em>1283</em></strong></span> <span class='ocrx_word' id='word_1_104' title='bbox 129 1913 149 1980; x_wconf 89' lang='grc' dir='ltr'><strong>ὁ</strong></span> <span class='ocrx_word' id='word_1_105' title='bbox 174 1909 211 1979; x_wconf 72' lang='grc' dir='ltr'><strong><em>δὲ</em></strong></span> <span class='ocrx_word' id='word_1_106' title='bbox 233 1916 333 1991; x_wconf 78' lang='grc' dir='ltr'><strong><em>τόπος</em></strong></span> <span class='ocrx_word' id='word_1_107' title='bbox 356 1914 498 2000; x_wconf 80' lang='grc' dir='ltr'><strong><em>ὕστερον</em></strong></span> <span class='ocrx_word' id='word_1_108' title='bbox 524 1918 705 1997; x_wconf 82' lang='grc' dir='ltr'><strong><em>καπηλεῖον</em></strong></span> <span class='ocrx_word' id='word_1_109' title='bbox 733 1911 872 1995; x_wconf 86' lang='grc' dir='ltr'><strong><em>ἐγένετο.</em></strong></span> <span class='ocrx_word' id='word_1_110' title='bbox 920 1914 953 1977; x_wconf 83' lang='grc' dir='ltr'><strong><em>ολ</em></strong></span> <span class='ocrx_word' id='word_1_111' title='bbox 977 1914 1145 1978; x_wconf 85' lang='grc' dir='ltr'><strong><em>ΓότθοιΧ</em></strong></span> 
     </span>
     <span class='ocr_line' id='line_1_17' title="bbox 81 2012 1145 2086; baseline -0.002 0"><span class='ocrx_word' id='word_1_112' title='bbox 81 2020 196 2086; x_wconf 82' lang='grc' dir='ltr'><strong><em>Γέται.</em></strong></span> <span class='ocrx_word' id='word_1_113' title='bbox 419 2012 421 2017; x_wconf 52' lang='grc'><strong>’</strong></span> <span class='ocrx_word' id='word_1_114' title='bbox 1119 2046 1145 2085; x_wconf 75' lang='grc' dir='ltr'><strong><em>ιε</em></strong></span> 
     </span>
    </p>

    <p class='ocr_par' dir='ltr' id='par_1_8' title="bbox 30 2124 1014 2212">
     <span class='ocr_line' id='line_1_18' title="bbox 30 2124 1014 2212; baseline -0.005 -19"><span class='ocrx_word' id='word_1_115' title='bbox 30 2145 60 2194; x_wconf 83' lang='grc'><strong><em>83</em></strong></span> <span class='ocrx_word' id='word_1_116' title='bbox 156 2127 228 2192; x_wconf 86' lang='grc'>133.</span> <span class='ocrx_word' id='word_1_117' title='bbox 253 2129 366 2193; x_wconf 80' lang='grc' dir='ltr'><strong><em>...οἱ</em></strong></span> <span class='ocrx_word' id='word_1_118' title='bbox 389 2124 426 2193; x_wconf 73' lang='grc' dir='ltr'><strong><em>δὲ</em></strong></span> <span class='ocrx_word' id='word_1_119' title='bbox 450 2130 579 2193; x_wconf 78' lang='grc' dir='ltr'><strong><em>ἰδιῶται</em></strong></span> <span class='ocrx_word' id='word_1_120' title='bbox 603 2126 752 2212; x_wconf 77' lang='grc' dir='ltr'><strong><em>δέλφακά</em></strong></span> <span class='ocrx_word' id='word_1_121' title='bbox 775 2142 880 2210; x_wconf 88' lang='grc' dir='ltr'><strong><em>φασιν</em></strong></span> <span class='ocrx_word' id='word_1_122' title='bbox 903 2124 1014 2189; x_wconf 87' lang='grc' dir='ltr'><strong><em>αὐτόν.</em></strong></span> 
     </span>
    </p>

    <p class='ocr_par' dir='ltr' id='par_1_9' title="bbox 30 2229 1169 2428">
     <span class='ocr_line' id='line_1_19' title="bbox 30 2229 1169 2318; baseline -0.004 -17"><span class='ocrx_word' id='word_1_123' title='bbox 30 2253 61 2301; x_wconf 83' lang='grc'><strong><em>83</em></strong></span> <span class='ocrx_word' id='word_1_124' title='bbox 107 2241 109 2244; x_wconf 78' lang='grc'><strong>’</strong></span> <span class='ocrx_word' id='word_1_125' title='bbox 156 2234 228 2300; x_wconf 87' lang='grc'>134.</span> <span class='ocrx_word' id='word_1_126' title='bbox 260 2236 303 2300; x_wconf 85' lang='grc' dir='ltr'><strong><em>Τὸ</em></strong></span> <span class='ocrx_word' id='word_1_127' title='bbox 337 2231 375 2299; x_wconf 73' lang='grc' dir='ltr'><strong><em>δὲ</em></strong></span> <span class='ocrx_word' id='word_1_128' title='bbox 406 2237 524 2318; x_wconf 93' lang='grc' dir='ltr'><strong><em>λόγιον</em></strong></span> <span class='ocrx_word' id='word_1_129' title='bbox 556 2233 619 2298; x_wconf 80' lang='grc' dir='ltr'><strong><em>ἀνὰ</em></strong></span> <span class='ocrx_word' id='word_1_130' title='bbox 651 2234 759 2299; x_wconf 78' lang='grc' dir='ltr'><strong><em>πάντα</em></strong></span> <span class='ocrx_word' id='word_1_131' title='bbox 786 2234 846 2298; x_wconf 88' lang='grc' dir='ltr'><strong><em>τὸν</em></strong></span> <span class='ocrx_word' id='word_1_132' title='bbox 874 2229 1105 2317; x_wconf 79' lang='grc' dir='ltr'><strong><em>Σεπτέμβριον</em></strong></span> <span class='ocrx_word' id='word_1_133' title='bbox 1119 2241 1169 2296; x_wconf 85' lang='lat' dir='ltr'><strong><em>XS</em></strong></span> 
     </span>
     <span class='ocr_line' id='line_1_20' title="bbox 80 2336 1144 2428; baseline -0.002 -21"><span class='ocrx_word' id='word_1_134' title='bbox 80 2352 175 2428; x_wconf 79' lang='grc' dir='ltr'><strong><em>μῆνα</em></strong></span> <span class='ocrx_word' id='word_1_135' title='bbox 197 2347 456 2425; x_wconf 82' lang='grc' dir='ltr'><strong><em>γαλακτοτοτεῑν</em></strong></span> <span class='ocrx_word' id='word_1_136' title='bbox 477 2336 563 2426; x_wconf 69' lang='grc' dir='ltr'><strong><em>ὑπὲρ</em></strong></span> <span class='ocrx_word' id='word_1_137' title='bbox 586 2341 701 2423; x_wconf 80' lang='grc' dir='ltr'><strong><em>ὑγείας</em></strong></span> <span class='ocrx_word' id='word_1_138' title='bbox 722 2345 904 2425; x_wconf 78' lang='grc' dir='ltr'><strong><em>παρεγγυᾷ.</em></strong></span> <span class='ocrx_word' id='word_1_139' title='bbox 1119 2367 1144 2405; x_wconf 78' lang='grc' dir='ltr'><strong><em>ιο</em></strong></span> 
     </span>
    </p>
   </div>
   <div class='ocr_carea' id='block_1_6' title="bbox 495 2566 1145 2642">
    <p class='ocr_par' dir='ltr' id='par_1_10' title="bbox 495 2566 1145 2642">
     <span class='ocr_line' id='line_1_21' title="bbox 495 2566 1145 2642; baseline -0.002 -18"><span class='ocrx_word' id='word_1_140' title='bbox 495 2566 698 2642; x_wconf 83' lang='grc' dir='ltr'><strong><em>θκτὼβριος.</em></strong></span> <span class='ocrx_word' id='word_1_141' title='bbox 1119 2570 1145 2623; x_wconf 88' lang='grc' dir='ltr'>Χ</span> 
     </span>
    </p>
   </div>
   <div class='ocr_carea' id='block_1_7' title="bbox 31 2697 1171 3211">
    <p class='ocr_par' dir='ltr' id='par_1_11' title="bbox 31 2697 1171 3211">
     <span class='ocr_line' id='line_1_22' title="bbox 31 2697 1144 2784; baseline -0.003 -20"><span class='ocrx_word' id='word_1_142' title='bbox 31 2709 158 2766; x_wconf 78' lang='lat' dir='ltr'>deesth</span> <span class='ocrx_word' id='word_1_143' title='bbox 185 2698 257 2765; x_wconf 85' lang='lat'>135.</span> <span class='ocrx_word' id='word_1_144' title='bbox 293 2700 360 2764; x_wconf 77' lang='grc' dir='ltr'><strong><em>Ίθν</em></strong></span> <span class='ocrx_word' id='word_1_145' title='bbox 378 2697 578 2784; x_wconf 83' lang='grc' dir='ltr'><strong><em>Ὀκτώβριον</em></strong></span> <span class='ocrx_word' id='word_1_146' title='bbox 601 2698 810 2761; x_wconf 78' lang='grc' dir='ltr'><strong><em>Μακεδόνιοι</em></strong></span> <span class='ocrx_word' id='word_1_147' title='bbox 832 2707 967 2781; x_wconf 79' lang='grc' dir='ltr'><strong><em>πρῶτον</em></strong></span> <span class='ocrx_word' id='word_1_148' title='bbox 990 2698 1104 2780; x_wconf 82' lang='grc' dir='ltr'><strong><em>ἔχουσι</em></strong></span> <span class='ocrx_word' id='word_1_149' title='bbox 1118 2709 1144 2761; x_wconf 91' lang='grc' dir='ltr'>Η</span> 
     </span>
     <span class='ocr_line' id='line_1_23' title="bbox 83 2798 1103 2892; baseline -0.007 -21"><span class='ocrx_word' id='word_1_150' title='bbox 83 2815 186 2892; x_wconf 74' lang='grc' dir='ltr'><strong><em>μῆνα,</em></strong></span> <span class='ocrx_word' id='word_1_151' title='bbox 209 2807 242 2871; x_wconf 78' lang='grc' dir='ltr'><strong><em>οἱ</em></strong></span> <span class='ocrx_word' id='word_1_152' title='bbox 265 2802 303 2871; x_wconf 72' lang='grc' dir='ltr'><strong><em>δὲ</em></strong></span> <span class='ocrx_word' id='word_1_153' title='bbox 317 2805 469 2889; x_wconf 79' lang='grc' dir='ltr'><strong><em>Ῥωμαῖοι</em></strong></span> <span class='ocrx_word' id='word_1_154' title='bbox 493 2805 616 2886; x_wconf 78' lang='grc' dir='ltr'><strong><em>ὄγδοον</em></strong></span> <span class='ocrx_word' id='word_1_155' title='bbox 638 2802 703 2867; x_wconf 83' lang='grc' dir='ltr'><strong><em>ιἰττὸ</em></strong></span> <span class='ocrx_word' id='word_1_156' title='bbox 727 2811 788 2867; x_wconf 85' lang='grc' dir='ltr'><strong><em>τοῦ</em></strong></span> <span class='ocrx_word' id='word_1_157' title='bbox 811 2804 919 2887; x_wconf 82' lang='grc' dir='ltr'><strong><em>ἔαρος,</em></strong></span> <span class='ocrx_word' id='word_1_158' title='bbox 943 2801 1026 2866; x_wconf 80' lang='grc' dir='ltr'><strong><em>ὅθεν</em></strong></span> <span class='ocrx_word' id='word_1_159' title='bbox 1048 2798 1103 2865; x_wconf 83' lang='grc' dir='ltr'><strong><em>καλ</em></strong></span> 
     </span>
     <span class='ocr_line' id='line_1_24' title="bbox 78 2907 1104 2998; baseline -0.008 -20"><span class='ocrx_word' id='word_1_160' title='bbox 78 2911 283 2998; x_wconf 82' lang='grc' dir='ltr'><strong><em>Ὀκτώβριον</em></strong></span> <span class='ocrx_word' id='word_1_161' title='bbox 306 2911 410 2976; x_wconf 86' lang='grc' dir='ltr'><strong><em>αὐτὸν</em></strong></span> <span class='ocrx_word' id='word_1_162' title='bbox 437 2911 658 2994; x_wconf 80' lang='grc' dir='ltr'><strong><em>ὀνομάζουσιν</em></strong></span> <span class='ocrx_word' id='word_1_163' title='bbox 681 2907 756 2974; x_wconf 84' lang='grc' dir='ltr'><strong><em>ἀντὶ</em></strong></span> <span class='ocrx_word' id='word_1_164' title='bbox 779 2917 840 2975; x_wconf 87' lang='grc' dir='ltr'><strong><em>τοῦ</em></strong></span> <span class='ocrx_word' id='word_1_165' title='bbox 864 2909 995 2991; x_wconf 79' lang='grc' dir='ltr'><strong><em>ὄγδοον.</em></strong></span> <span class='ocrx_word' id='word_1_166' title='bbox 1041 2911 1104 2971; x_wconf 88' lang='grc' dir='ltr'><strong><em>Σε-</em></strong></span> 
     </span>
     <span class='ocr_line' id='line_1_25' title="bbox 83 3013 1145 3106; baseline -0.002 -21"><span class='ocrx_word' id='word_1_167' title='bbox 83 3022 253 3106; x_wconf 89' lang='grc' dir='ltr'><strong><em>μεντίλιος</em></strong></span> <span class='ocrx_word' id='word_1_168' title='bbox 277 3015 314 3084; x_wconf 73' lang='grc' dir='ltr'><strong><em>δὲ</em></strong></span> <span class='ocrx_word' id='word_1_169' title='bbox 338 3013 436 3094; x_wconf 86' lang='grc' dir='ltr'><strong><em>οὗτος</em></strong></span> <span class='ocrx_word' id='word_1_170' title='bbox 457 3020 621 3103; x_wconf 78' lang='grc' dir='ltr'><strong><em>πρότερον</em></strong></span> <span class='ocrx_word' id='word_1_171' title='bbox 645 3014 791 3082; x_wconf 83' lang='grc' dir='ltr'><strong><em>ἐκαλεῖτο</em></strong></span> <span class='ocrx_word' id='word_1_172' title='bbox 812 3015 877 3080; x_wconf 81' lang='grc' dir='ltr'><strong><em>ἀπὸ</em></strong></span> <span class='ocrx_word' id='word_1_173' title='bbox 897 3022 957 3079; x_wconf 84' lang='grc' dir='ltr'><strong><em>τοῦ</em></strong></span> <span class='ocrx_word' id='word_1_174' title='bbox 977 3015 1105 3098; x_wconf 80' lang='grc' dir='ltr'><strong><em>σπόρου</em></strong></span> <span class='ocrx_word' id='word_1_175' title='bbox 1119 3044 1145 3082; x_wconf 77' lang='grc' dir='ltr'><strong><em>ει</em></strong></span> 
     </span>
     <span class='ocr_line' id='line_1_26' title="bbox 85 3117 1171 3211; baseline -0.005 -20"><span class='ocrx_word' id='word_1_176' title='bbox 85 3165 129 3174; x_wconf 95' lang='grc'>-</span> <span class='ocrx_word' id='word_1_177' title='bbox 154 3126 241 3191; x_wconf 81' lang='grc' dir='ltr'><strong><em>οὕτω</em></strong></span> <span class='ocrx_word' id='word_1_178' title='bbox 270 3127 333 3211; x_wconf 80' lang='grc' dir='ltr'><strong><em>γὰρ</em></strong></span> <span class='ocrx_word' id='word_1_179' title='bbox 358 3123 510 3209; x_wconf 82' lang='grc' dir='ltr'><strong><em>Ῥωμαῖοι</em></strong></span> <span class='ocrx_word' id='word_1_180' title='bbox 537 3125 597 3188; x_wconf 92' lang='grc' dir='ltr'><strong><em>τὸν</em></strong></span> <span class='ocrx_word' id='word_1_181' title='bbox 625 3125 753 3208; x_wconf 82' lang='grc' dir='ltr'><strong><em>σπόρον</em></strong></span> <span class='ocrx_word' id='word_1_182' title='bbox 779 3127 928 3187; x_wconf 90' lang='grc' dir='ltr'><strong><em>καλοῦσι.</em></strong></span> <span class='ocrx_word' id='word_1_183' title='bbox 978 3117 1171 3186; x_wconf 70' lang='grc' dir='ltr'><strong><em>Καλίν-Ηθ</em></strong></span> 
     </span>
    </p>
   </div>
   <div class='ocr_carea' id='block_1_8' title="bbox 85 3290 1106 3584">
    <p class='ocr_par' dir='ltr' id='par_1_12' title="bbox 85 3290 1106 3584">
     <span class='ocr_line' id='line_1_27' title="bbox 158 3290 1105 3370; baseline -0.006 -18"><span class='ocrx_word' id='word_1_184' title='bbox 158 3319 184 3354; x_wconf 86' lang='lat' dir='ltr'><strong><em>v.</em></strong></span> <span class='ocrx_word' id='word_1_185' title='bbox 200 3305 215 3352; x_wconf 82' lang='lat'><strong>2</strong></span> <span class='ocrx_word' id='word_1_186' title='bbox 234 3297 336 3369; x_wconf 87' lang='grc' dir='ltr'><strong><em>τρόμος</em></strong></span> <span class='ocrx_word' id='word_1_187' title='bbox 354 3317 383 3353; x_wconf 84' lang='grc' dir='ltr'><strong><em>τε</em></strong></span> <span class='ocrx_word' id='word_1_188' title='bbox 402 3300 450 3353; x_wconf 80' lang='grc' dir='ltr'><strong><em>κάλ</em></strong></span> <span class='ocrx_word' id='word_1_189' title='bbox 471 3299 497 3353; x_wconf 82' lang='lat' dir='ltr'><strong><em>G</em></strong></span> <span class='ocrx_word' id='word_1_190' title='bbox 569 3304 585 3352; x_wconf 88' lang='grc'>8</span> <span class='ocrx_word' id='word_1_191' title='bbox 605 3297 703 3370; x_wconf 80' lang='grc' dir='ltr'><strong><em>&lt;γὰρ&gt;</em></strong></span> <span class='ocrx_word' id='word_1_192' title='bbox 724 3296 822 3352; x_wconf 82' lang='lat' dir='ltr'><strong>addidi</strong></span> <span class='ocrx_word' id='word_1_193' title='bbox 896 3301 929 3350; x_wconf 93' lang='lat'><strong><em>18</em></strong></span> <span class='ocrx_word' id='word_1_194' title='bbox 949 3292 1041 3349; x_wconf 75' lang='grc' dir='ltr'><strong><em>ὅτιτὸ</em></strong></span> <span class='ocrx_word' id='word_1_195' title='bbox 1060 3290 1105 3347; x_wconf 83' lang='grc' dir='ltr'><strong><em>λό-</em></strong></span> 
     </span>
     <span class='ocr_line' id='line_1_28' title="bbox 85 3365 1106 3442; baseline -0.009 -15"><span class='ocrx_word' id='word_1_196' title='bbox 85 3392 200 3442; x_wconf 79' lang='grc' dir='ltr'><strong><em>γιον-</em></strong></span> <span class='ocrx_word' id='word_1_197' title='bbox 215 3377 248 3425; x_wconf 85' lang='grc'><strong><em>19</em></strong></span> <span class='ocrx_word' id='word_1_198' title='bbox 267 3370 454 3441; x_wconf 67' lang='grc' dir='ltr'><strong><em>τιαρεγγυᾶθ</em></strong></span> <span class='ocrx_word' id='word_1_199' title='bbox 513 3374 547 3422; x_wconf 88' lang='grc'><strong><em>19</em></strong></span> <span class='ocrx_word' id='word_1_200' title='bbox 585 3377 642 3439; x_wconf 81' lang='grc' dir='ltr'><strong><em>ῆνα</em></strong></span> <span class='ocrx_word' id='word_1_201' title='bbox 656 3368 774 3424; x_wconf 54' lang='lat' dir='ltr'>omis]</span> <span class='ocrx_word' id='word_1_202' title='bbox 836 3374 868 3421; x_wconf 82' lang='lat'><strong><em>21</em></strong></span> <span class='ocrx_word' id='word_1_203' title='bbox 888 3368 938 3422; x_wconf 87' lang='grc' dir='ltr'><strong><em>τὸν</em></strong></span> <span class='ocrx_word' id='word_1_204' title='bbox 953 3365 1024 3420; x_wconf 63' lang='lat' dir='ltr'><em>aava,</em></span> <span class='ocrx_word' id='word_1_205' title='bbox 1044 3384 1106 3433; x_wconf 89' lang='grc' dir='ltr'><strong><em>ριον</em></strong></span> 
     </span>
     <span class='ocr_line' id='line_1_29' title="bbox 85 3389 1106 3513; baseline -0.008 -16"><span class='ocrx_word' id='word_1_206' title='bbox 85 3440 388 3513; x_wconf 77' lang='grc' dir='ltr'><strong><em>-ρ.162,11νόσον</em></strong></span> <span class='ocrx_word' id='word_1_207' title='bbox 402 3442 437 3495; x_wconf 91' lang='lat' dir='ltr'><strong><em>H</em></strong></span> <span class='ocrx_word' id='word_1_208' title='bbox 507 3446 540 3494; x_wconf 82' lang='grc'><strong><em>26</em></strong></span> <span class='ocrx_word' id='word_1_209' title='bbox 560 3389 603 3494; x_wconf 52' lang='grc' dir='ltr'><strong><em>ἔτι</em></strong></span> <span class='ocrx_word' id='word_1_210' title='bbox 622 3438 770 3502; x_wconf 79' lang='grc' dir='ltr'><strong><em>καλένδαις</em></strong></span> <span class='ocrx_word' id='word_1_211' title='bbox 793 3436 959 3510; x_wconf 78' lang='grc' dir='ltr'><strong><em>όκτωβρίαις</em></strong></span> <span class='ocrx_word' id='word_1_212' title='bbox 978 3435 1005 3491; x_wconf 80' lang='grc' dir='ltr'><strong><em>ολ</em></strong></span> <span class='ocrx_word' id='word_1_213' title='bbox 1035 3443 1106 3504; x_wconf 71' lang='grc' dir='ltr'><strong><em>τρεῖς</em></strong></span> 
     </span>
     <span class='ocr_line' id='line_1_30' title="bbox 86 3507 1105 3584; baseline -0.007 -16"><span class='ocrx_word' id='word_1_214' title='bbox 86 3547 123 3555; x_wconf 99' lang='grc'>-</span> <span class='ocrx_word' id='word_1_215' title='bbox 136 3533 164 3584; x_wconf 87' lang='lat' dir='ltr'><strong><em>p.</em></strong></span> <span class='ocrx_word' id='word_1_216' title='bbox 181 3520 241 3583; x_wconf 87' lang='grc'><strong><em>162,</em></strong></span> <span class='ocrx_word' id='word_1_217' title='bbox 257 3520 289 3568; x_wconf 95' lang='grc'><strong><em>11</em></strong></span> <span class='ocrx_word' id='word_1_218' title='bbox 309 3511 394 3569; x_wconf 88' lang='grc' dir='ltr'><strong><em>νόσον</em></strong></span> <span class='ocrx_word' id='word_1_219' title='bbox 408 3512 431 3567; x_wconf 79' lang='lat' dir='ltr'><em>S</em></span> <span class='ocrx_word' id='word_1_220' title='bbox 444 3515 448 3583; x_wconf 88' lang='grc' dir='ltr'>Ι</span> <span class='ocrx_word' id='word_1_221' title='bbox 464 3509 615 3574; x_wconf 78' lang='grc' dir='ltr'><strong><em>καλίνδαις</em></strong></span> <span class='ocrx_word' id='word_1_222' title='bbox 628 3509 794 3581; x_wconf 77' lang='grc' dir='ltr'><strong><em>όκττοβρίαις</em></strong></span> <span class='ocrx_word' id='word_1_223' title='bbox 807 3511 836 3579; x_wconf 76' lang='lat' dir='ltr'><strong><em>S,</em></strong></span> <span class='ocrx_word' id='word_1_224' title='bbox 855 3508 927 3564; x_wconf 81' lang='grc' dir='ltr'><strong><em>κατὰ</em></strong></span> <span class='ocrx_word' id='word_1_225' title='bbox 941 3517 1042 3563; x_wconf 83' lang='grc' dir='ltr'><strong><em>τοῦτον</em></strong></span> <span class='ocrx_word' id='word_1_226' title='bbox 1055 3507 1105 3562; x_wconf 80' lang='grc' dir='ltr'><strong><em>τὸν</em></strong></span> 
     </span>
    </p>
   </div>
   <div class='ocr_carea' id='block_1_9' title="bbox 87 3586 943 3726">
    <p class='ocr_par' dir='ltr' id='par_1_13' title="bbox 87 3586 943 3726">
     <span class='ocr_line' id='line_1_31' title="bbox 87 3586 217 3656; baseline -0.031 -14"><span class='ocrx_word' id='word_1_227' title='bbox 87 3594 164 3656; x_wconf 81' lang='grc' dir='ltr'><strong><em>μῆνα</em></strong></span> <span class='ocrx_word' id='word_1_228' title='bbox 182 3586 217 3639; x_wconf 88' lang='grc' dir='ltr'><strong>Η</strong></span> 
     </span>
     <span class='ocr_line' id='line_1_32' title="bbox 141 3675 943 3726; baseline -0.014 -2"><span class='ocrx_word' id='word_1_229' title='bbox 141 3686 224 3726; x_wconf 73' lang='lat' dir='ltr'><strong><em>mus</em></strong></span> <span class='ocrx_word' id='word_1_230' title='bbox 238 3685 274 3726; x_wconf 75' lang='lat' dir='ltr'><strong><em>ed.</em></strong></span> <span class='ocrx_word' id='word_1_231' title='bbox 289 3684 439 3726; x_wconf 74' lang='lat' dir='ltr'>Wuemch.</span> <span class='ocrx_word' id='word_1_232' title='bbox 910 3675 943 3724; x_wconf 89' lang='lat'><strong><em>11</em></strong></span> 
     </span>
    </p>
   </div>
   <div class='ocr_carea' id='block_1_10' title="bbox 0 0 1270 3988">
    <p class='ocr_par' dir='ltr' id='par_1_14' title="bbox 0 0 1270 3988">
     <span class='ocr_line' id='line_1_33' title="bbox 0 0 1270 3988; baseline 0 0"><span class='ocrx_word' id='word_1_233' title='bbox 0 0 1270 3988; x_wconf 95' lang='lat' dir='ltr'><strong><em> </em></strong></span> 
     </span>
    </p>
   </div>
  </div>
 </body>
</html>
