2524 3984
452 211 657 267 PRAEFATIO
952 211 1065 266 LXXXI

63 384 125 442 liam
145 382 295 458 Lydorum
316 380 459 456 mysteria
482 380 655 456 adportasse
679 383 710 440 et
732 381 881 441 Romanos
905 380 1064 457 magIstra·

63 475 137 531 tuum
157 470 286 548 insignia
308 470 442 528 docuisse
466 471 685 528 commemorat.
732 470 770 528 ad
792 471 866 529 haec
888 471 989 529 autem
1013 488 1064 545 op·

63 562 125 619 time
155 561 305 636 quadrant
334 559 504 636 fragmenta
533 577 569 616 ex
598 558 685 618 initio
716 558 787 618 libri
817 559 906 635 primi
937 561 1063 617 servata.

62 650 178 725 primum
200 649 281 707 enim
303 647 436 706 omnium
459 647 641 707 advenarum
664 647 827 706 Saturnum
848 647 971 705 Italiam
993 647 1064 705 atti-

64 739 130 816 gisse
151 739 269 798 constat
295 738 374 795 inter
396 735 566 795 fabularum
591 736 763 812 scriptores,
791 755 879 812 quem
903 736 1066 796 Saturnum

64 827 227 903 posteriores
250 845 318 885 curn
341 825 515 904 cognomine
538 828 674 884 veterum
694 826 842 884 Italorum
864 825 919 885 deo
943 825 1065 884 confun-

65 916 161 975 debant
190 915 375 990 eundemque
406 932 468 973 csse
498 915 588 989 atque
620 913 800 975 Graecorum
829 913 950 995 Κρόνον
978 915 1065 990 puta-

65 1004 138 1063 bant:
160 1005 238 1062 unde
256 1003 300 1079 fit,
323 1005 357 1062 ut
374 1002 408 1060 in
424 1003 522 1062 fronte
541 1002 610 1061 libri
628 1004 724 1062 nostri
742 1004 927 1063 inveniemus
946 1002 1066 1084 Κρόνον

67 1092 161 1171 χρόνον
193 1093 283 1152 deum
314 1095 345 1150 et
373 1124 415 1133 —
442 1092 474 1150 id
507 1091 586 1168 quod
617 1111 737 1151 monere
768 1092 839 1151 licet
868 1083 906 1134 ’-
936 1090 1068 1168 primum

66 1181 160 1241 Italiae
189 1182 349 1255 advenam,
379 1199 398 1238 a
426 1199 484 1256 quo
514 1181 657 1256 temporis
687 1182 807 1240 numine
836 1182 967 1258 primum
997 1179 1068 1239 anni

68 1273 225 1347 computum
247 1270 420 1329 institutum
443 1287 506 1328 esse
529 1273 704 1329 narraverat
726 1270 914 1346 Laurentius,
937 1271 1067 1328 testante

68 1359 141 1419 initio
164 1358 183 1436 ξ
202 1361 258 1418 16:
282 1355 425 1436 διέμεινεν
443 1354 502 1418 ἀπὸ
520 1356 641 1439 Κρόνον
661 1355 715 1431 ἕως
732 1358 851 1431 κτίσεως
865 1351 977 1437 Ῥώμης
996 1355 1068 1417 κατὰ

70 1447 112 1507 τὸν
132 1447 162 1508 ἐν
184 1445 294 1532 σελήνῃ
317 1446 428 1527 δρόμον
450 1445 695 1526 παραφυλαχθεὶς
718 1445 734 1507 ὁ
756 1446 897 1520 ἐνιαυτός.

123 1537 249 1614 Reliqua
271 1536 332 1595 iam
356 1538 426 1596 sunt
443 1536 587 1612 planiora.
626 1537 788 1596 Saturnum
807 1539 886 1596 enim
905 1538 1068 1614 sequeban-

69 1626 111 1682 tm
126 1625 208 1702 Lydi,
232 1624 296 1685 vini
314 1617 349 1706 (ἓ
369 1618 403 1707 3)
423 1627 455 1683 et
472 1624 684 1701 mysteriorum
703 1619 737 1706 (ξ
757 1619 792 1708 4)
811 1627 993 1687 inventores:
1012 1627 1070 1685 huc

73 1713 153 1790 igitur
183 1715 217 1774 αἱ
245 1721 305 1773 τῶν
334 1714 449 1773 Λυδῶν
479 1711 586 1773 τελεταὶ
614 1715 797 1792 paragraphi
827 1717 866 1774 37
898 1715 1070 1774 referendae

70 1806 136 1861 sunt.
178 1803 243 1864 vini
265 1805 367 1862 autem
394 1805 424 1861 et
449 1803 653 1863 inventionem
676 1805 706 1861 et
729 1805 878 1862 culturam
903 1805 1070 1864 accuratius

71 1891 219 1969 descriptas
247 1892 338 1950 tuisse
365 1894 457 1951 testes
485 1894 555 1950 sunt
582 1890 601 1968 ξ
626 1895 659 1966 2,
689 1912 750 1968 qua
779 1893 879 1970 agitur
905 1894 941 1952 de
969 1893 1071 1952 Liberi

71 1981 152 2054 patris
174 1980 368 2055 satellitibus,
395 1983 425 2038 et
448 1979 467 2056 ἓ
488 1984 521 2055 5,
550 2001 626 2057 quae
650 1979 794 2040 Sabinum
822 2000 885 2040 esse
908 1983 972 2042 volt
995 2001 1071 2058 eum,

72 2068 116 2143 qui
142 2070 249 2130 severit
278 2069 389 2128 vinum.
437 2067 456 2145 ἓ
481 2071 498 2128 6
529 2069 662 2145 aLydis
692 2070 731 2128 ad
759 2068 887 2130 Graecos
917 2070 1071 2129 transiisse

72 2157 176 2218 videtur
203 2159 396 2218 Laurentius:
426 2158 469 2216 ibi
499 2159 578 2216 onim
604 2159 785 2234 Messapiam
817 2156 875 2219 ἀπὸ
903 2159 1072 2218 Μεσοόπον

73 2248 243 2322 appellatam
266 2265 328 2306 esse
352 2247 433 2321 dicit,
457 2267 548 2323 quam
571 2249 601 2306 et
625 2246 795 2306 Calabriam
817 2251 939 2324 vocant:
961 2248 1072 2308 Messa·

74 2353 134 2408 pum
155 2339 255 2396 autem
279 2356 294 2394 e
317 2336 444 2397 Boeotis
466 2337 498 2394 in
520 2336 641 2395 Italiam
664 2337 824 2414 emigrasse
847 2338 971 2396 tradunt
993 2341 1072 2397 vete·

73 2419 139 2498 res¹;
162 2425 348 2501 similemque
372 2426 408 2485 ob
433 2443 553 2484 causam
575 2425 739 2484 Lucaniam
762 2426 880 2484 laudari
903 2424 921 2502 ξ
943 2429 960 2485 7
985 2426 1074 2485 facile

74 2513 243 2586 probabitur.
303 2514 494 2591 paragrapho
524 2513 628 2572 deinde
656 2517 764 2573 octava
792 2515 908 2574 seuitur
934 2515 1075 2574 Euander

75 2599 163 2678 Arcas,
187 2603 239 2679 qui
282 2602 395 2679 primus
419 2603 536 2661 litteras
559 2603 591 2660 in
609 2603 731 2662 Italiam
755 2606 848 2678 attut3
872 2604 950 2662 unde
974 2624 1007 2664 eo
1030 2604 1074 2662 di-

75 2691 195 2764 greditur
221 2691 413 2767 Laurentiue,
445 2694 482 2750 ut
507 2710 603 2768 pauca
632 2691 787 2751 nobiscum
814 2691 1011 2752 communicet
1040 2693 1074 2750 de

75 2776 231 2840 litterarum
254 2780 335 2857 apud
352 2780 503 2839 Romanos
523 2781 603 2855 fatis,
626 2799 723 2856 neque
746 2800 814 2839 eum
837 2782 1014 2840 adscendere
1038 2782 1076 2840 ad

75 2864 231 2928 litterarum
254 2868 457 2930 inventionem
483 2869 580 2946 piget,
608 2888 685 2946 quae
708 2869 904 2931 Phoenicibus
932 2871 1077 2929 tribuitur

78 2945 105 3033 (ξ
123 2949 162 3038 9).
200 2957 308 3035 quibus
327 2958 469 3035 expositis
488 2959 527 3017 ad
544 2979 608 3016 rem
624 2957 703 3016 redit
722 2951 797 3035 (ἀλλ’
818 2956 984 3037 ἕπανίωμεν
1002 2958 1077 3019 ὅθεν

78 3039 274 3128 ἐξεκλίνομεν),
304 3066 379 3124 quae
409 3047 555 3123 quomodo
583 3066 671 3123 porro
699 3049 830 3106 tractata
858 3048 961 3120 merit,
988 3047 1076 3106 facile

79 3133 165 3195 auimo
187 3136 271 3196 nobis
294 3136 405 3214 fingere
428 3155 593 3212 possumus,
615 3136 687 3194 licet
708 3137 839 3212 plurima
858 3136 1077 3194 interciderint:

79 3218 199 3283 Euandri
222 3223 311 3302 enim,
338 3224 390 3302 qui
411 3225 564 3285 Palatium
587 3224 732 3300 condidit,
759 3224 942 3300 temporibus
964 3225 1078 3283 Hercu-

142 3375 151 3408 ¹
168 3377 269 3432 Strabo
287 3376 334 3446 IX,
353 3382 413 3431 405.
438 3377 534 3447 Steph.
553 3376 618 3446 Byr.
639 3393 659 3429 s.
674 3395 700 3432 v.
716 3375 891 3431 Μεσσάπιον.
917 3375 1028 3430 Solinus
1043 3377 1078 3446 ΙΙ,

82 3445 119 3498 12:
138 3447 291 3502 ‘Liciniano
309 3447 404 3518 placet
422 3465 440 3502 a
453 3448 546 3502 Messa
567 3465 583 3502 0
602 3463 703 3518 graeco
722 3446 835 3502 nomine
851 3447 1010 3517 Messapiae
1029 3449 1079 3502 da-

82 3514 131 3569 tam
144 3518 286 3590 originem,
300 3536 411 3574 versam
424 3521 535 3589 postmo
556 3537 604 3573 um
613 3519 643 3572 in
656 3536 757 3573 nomen
768 3517 943 3588 Calabriae’3
958 3519 993 3574 cf.
1003 3519 1080 3573 Festi

81 3585 181 3654 epitom
198 3609 226 3661 p.
243 3595 307 3645 125:
332 3590 485 3660 ‘Messapia
503 3589 626 3660 Appulia
648 3591 808 3660 aMessapo
827 3607 893 3660 rege
912 3589 1078 3660 appellata!

126 3687 203 3732 Ismuc
218 3689 413 3731 mvvuenach.
910 3680 925 3733 f
