2556 3996
472 201 582 256 LIBER
599 202 721 256 ALTER
810 229 812 234 v
1063 204 1106 266 25

91 362 231 449 ε’ξῄρουυ
252 375 313 431 τοῦ
338 367 610 453 Βοηδρομιῶνος,
639 367 684 442 ὡς
706 368 924 452 Πλούταρχος
952 365 989 431 ἐν
1013 371 1145 452 §.hp-Y
1191 374 1196 381 ”

89 475 197 558 ποσίῳ
220 476 311 556 φησί.

29 586 142 654 ΒιΙΙ,7
186 579 214 642 8.
241 580 310 662 Τὴν
333 575 370 645 δὲ
393 584 508 666 τρίτην
529 578 657 666 ἡμέραν
680 579 841 646 ἀνέθεντο
865 584 1034 667 Πυρόεντι
1049 591 1158 644 —XY

78 682 184 769 ’Ἀρης
210 684 240 750 δ’
268 685 312 750 άν
339 693 389 771 είη
418 683 516 763 οὗτος
542 684 620 772 παρ’
640 686 779 771 Ἕλλησι
807 724 849 732 -
877 686 1027 753 τουτέστι
1059 695 1105 774 τῷ

88 789 189 879 άερίῳ
216 790 272 857 καὶ
298 796 426 880 γονίμῳ
453 797 551 879 πυρί,
580 794 661 880 ὅπερ
690 793 819 873 ἐξάπτει
847 795 910 878 τὴν
935 803 996 859 τοῦ
1023 816 1104 858 παν·
1132 814 1145 855 5

88 898 146 973 τὸς
168 901 332 984 αἰσθητοῦ
355 901 461 984 φύσιν
482 898 538 965 καὶ
561 900 678 987 ἀργεῖν
701 901 763 966 οὐκ
786 900 834 988 έᾷ,
857 900 1016 987 ξηραῖνον
1038 902 1105 986 άμα

88 1002 145 1068 καὶ
177 1005 332 1090 ῥοιζηδὸν
363 1014 558 1092 θερμαῖνον.
600 1005 707 1093 Ἥρας
740 1004 777 1073 δὲ
804 1008 908 1073 παῖδά
936 1025 1019 1092 φασι
1046 1009 1106 1074 τὸν

82 1108 191 1196 Ἄρεα,
209 1112 382 1179 τουτέστιν
401 1113 436 1178 έκ
455 1123 515 1179 τοῦ
534 1113 704 1199 ἀερώδους
722 1115 759 1180 τὸ
779 1112 901 1192 διειδὲς
919 1113 974 1180 καί
991 1121 1106 1181 λεπτο-

88 1215 185 1303 μερὲς
207 1229 288 1306 πῦρ·
317 1220 400 1286 ὅθεν
423 1222 456 1285 οἱ
482 1219 623 1304 μυθιαοὶ
651 1221 848 1304 ξειηινάουσι
870 1224 932 1306 τὴν
948 1221 1106 1308 Ἀφροδί-

88 1349 152 1409 την
180 1323 261 1391 ποτὲ
291 1323 353 1411 μὲν
375 1326 562 1415 Ἡφαίστῳ,
594 1337 641 1415 τῳ
673 1332 801 1416 χθονίῳ
831 1333 928 1416 πυρί,
960 1324 1040 1394 ποτέ
1068 1325 1106 1393 δὲ
1120 1350 1146 1390 ιο

82 1430 188 1518 Ἄρεϊ,
219 1441 266 1520 τῷ
294 1433 408 1522 άερίῳ·
441 1435 498 1498 διά
525 1436 590 1519 γάρ
621 1436 750 1500 τούτων
779 1435 817 1500 τὸ
844 1445 913 1500 πᾶν
942 1436 1106 1519 αἰσθητὸν

88 1543 310 1624 ζωογονεῖται,
335 1542 380 1617 ὡς
402 1547 539 1627 εῖρηται.
584 1544 720 1625 μεγίστη
744 1538 781 1606 δὲ
803 1541 823 1625 η
847 1550 906 1625 τῆς
928 1541 1063 1627 τριάδος
1077 1550 1157 1605 XYS

88 1643 144 1710 καί
166 1644 237 1710 κατ’
260 1653 422 1731 αἴσθησιν
444 1647 641 1731 δύναμις-ὁ
660 1649 724 1733 γάρ
743 1645 812 1713 κατ’
837 1647 943 1730 αὐτὴν
960 1647 1106 1734 ἀριθμὸς

87 1763 158 1829 τοῖς
180 1764 353 1836 γεννητοῖς
373 1752 551 1819 ἐπιδέδωκε
569 1756 703 1836 γένεσιν
721 1753 860 1838 αὔξησιν
877 1757 1016 1840 τροφήν.
1049 1752 1104 1818 καὶ

88 1858 150 1943 οὐχ
173 1859 286 1935 ἁπλῶς
310 1866 449 1945 είρηται·
1120 1883 1145 1924 1⁵

343 2005 466 2088 τριχθά
489 2000 526 2068 δέ
548 2004 656 2069 πάντα
680 2001 846 2087 δέδασται,

86 2156 191 2232 τριῶν
215 2147 324 2210 ὄντων
346 2143 404 2209 καί·
424 2145 535 2210 αὐτῶν
558 2156 625 2210 τῶν
648 2144 818 2232 οὐρανίων
841 2145 1016 2229 σωμάτων,
1044 2153 1105 2209 τοῦ

86 2275 121 2317 τε
141 2253 361 2338 αῖθερῶδους,
385 2249 577 2336 άστρώδους
596 2250 705 2317 τεκαὶ
728 2251 906 2327 ίιθῶδους.
942 2249 997 2314 καί
1020 2262 1088 2316 τῶν
1101 2268 1157 2321 ΧΥ

86 2370 251 2446 περιττῶν
283 2357 440 2445 ἀριθμῶν
471 2356 555 2444 ἀρχὴ
591 2358 612 2442 ἡ
645 2359 753 2445 τριάς,
790 2358 873 2424 ὅθεν
908 2355 963 2422 καί
999 2359 1105 2435 ίδικὸς
1118 2376 1143 2428 X

87 2465 234 2552 ἀριθμὸς
262 2464 279 2530 ὁ
310 2469 385 2551 τρία
414 2470 577 2548 καλεῖται,
609 2467 771 2552 μερισμὸν
800 2464 821 2549 ἢ
849 2466 1015 2552 διαίρεσιν
1043 2465 1144 2531 οὐαεο

88 2572 329 2656 ἐπιδεχόμενος.
367 2572 418 2637 ὅτι
436 2573 571 2638 πάντων
590 2574 683 2658 άρχει
701 2583 769 2637 τῶν
787 2571 944 2659 ἀριθμῶν
961 2572 981 2656 ἡ
1001 2574 1105 2659 τριάς,

88 2681 133 2756 ῶς
156 2678 240 2764 άρχη
264 2678 475 2763 τυγχάνουσα
497 2691 565 2744 τῶν
587 2690 750 2765 περιττῶν
771 2681 916 2764 πάντων,
939 2681 1106 2765 πίηρούν-

159 2859 216 2908 v.1
236 2853 310 2908 Plut.
331 2853 445 2919 Quaest.
466 2847 686 2924 oonv.1x‚'6p.
707 2855 792 2908 741ss
865 2843 987 2909 1611.0
1008 2859 1059 2907 189

160 3020 217 3067 v‚1
238 3012 393 3086 ἀνεξῄρουν
412 3015 442 3067 D
550 3020 566 3068 3
585 3015 637 3084 τὴν
659 3012 756 3084 τρίτην
778 3018 816 3086 τῷ
840 3013 902 3081 ἀρετ
925 3009 1048 3066 τουτέστι
1066 3017 1104 3084 τῷ

90 3082 175 3156 ἀερίῳ
194 3084 227 3138 Χ
303 3085 526 3154 ’ῖέαθερμαῑνου
545 3087 576 3139 Χ
652 3085 719 3140 8ἐτι
736 3093 786 3138 τοῦ
805 3082 888 3152 ἀέρος
906 3083 999 3152 (ἄρεος
1017 3084 1055 3151 Β)
1072 3083 1104 3136 τὸ

91 3153 264 3224 λεπτομερές·
284 3153 512 3281 τχνῶῳροδίτην
530 3154 597 3210 ποτὲ
616 3155 666 3225 μὲν
683 3153 812 3228 ηφαίστῳ
829 3153 897 3209 ποτὲ
917 3153 948 3208 δὲ
965 3153 1027 3222 άρει
1046 3156 1104 3218 ζεο-

91 3227 214 3298 γνάουοι,
232 3246 298 3298 τουτ
313 3244 355 3281 οτι
374 3226 441 3281 ποτὲ
459 3226 510 3296 μὲν
529 3233 566 3299 τῷ
586 3224 693 3300 χθονίῳ
711 3224 791 3295 πυρί,
814 3223 881 3280 ποτε
901 3223 932 3279 δὲ
950 3229 988 3297 τῷ
1008 3222 1103 3305 διερίῳ·

91 3297 139 3352 διὰ
175 3298 211 3366 ἀρ
231 3315 288 3366 eqs.
306 3299 338 3353 X
415 3304 447 3352 11
466 3300 537 3369 πᾶν]
556 3307 666 3367 πνεῦμα
684 3299 716 3350 Χ
791 3303 824 3351 12
843 3298 880 3359 ὡς
899 3295 1006 3366 εἴρηται
1025 3313 1104 3349 ουοιε.

96 3370 125 3423 Υ
137 3371 141 3439 Ι
158 3389 200 3422 οτι
209 3367 546 3439 μεγίστη-18λνθώδους
560 3369 582 3424 S
648 3374 681 3422 13
691 3369 740 3424 καί
749 3367 811 3422 κατ’
823 3367 957 3436 αἴσθησιν
967 3365 1045 3421 omiS.
1054 3366 1108 3421 XS

94 3446 127 3494 14
149 3448 274 3510 γενητοῖς
293 3441 364 3508 ΧΥ,
388 3450 511 3510 γενετοῖς
535 3441 561 3496 G
590 3442 594 3511 1
624 3438 769 3495 έπιδέδοιε
792 3442 819 3495 Α
848 3443 853 3510 1
882 3441 931 3493 καί
953 3437 1062 3530 τροῳὴν
1085 3437 1108 3492 S

95 3517 126 3565 18
144 3529 173 3564 τε
191 3511 251 3582 καὶ]
265 3530 294 3565 τε
308 3510 386 3565 omis.
403 3512 425 3566 S
439 3514 443 3582 Ι
459 3513 507 3566 καὶ
521 3521 577 3566 τῶν
591 3510 669 3566 omis,
684 3512 717 3565 X
787 3518 820 3566 19
834 3520 970 3581 περιττῶν
984 3530 1037 3580 γαρ
1053 3509 1109 3633 X}

95 3582 163 3652 ἀρχὴ
177 3579 302 3651 πέφυκεν
311 3578 385 3638 εἶναι
394 3583 474 3651 τριάς
483 3583 528 3656 ΧΙ
541 3581 611 3638 ὅθεν
621 3615 656 3623 -
665 3601 692 3653 p.
703 3590 769 3654 26,1
785 3580 955 3653 λειπομένων
969 3581 1071 3636 desunt
