2556 3996
366 167 475 220 LIBER
493 165 669 231 QUARTUS.
695 166 857 222 MARTIUS
1058 168 1121 232 105

9 353 10 418 j
103 333 210 416 σμοὺς
224 331 396 414 Σιβύλλης
413 338 471 413 τής
489 333 653 414 Κυμαίας,
671 328 727 394 καὶ
746 329 848 413 ἐζήτει
867 331 956 418 αὐτῷ
975 333 1096 396 δοῦναι
1109 341 1227 398 XSPar.

102 440 151 514 είς
173 438 353 523 τριάκοντα
375 446 532 522 χρυσοῦς·
561 446 621 502 τοῦ
644 433 683 502 δὲ
705 440 1018 522 καταφρονήσαντος
1042 437 1121 520 ἄγα-

100 546 298 628 νακτήσασα.
320 542 341 626 ἡ
360 537 456 626 ’γυνή
488 545 606 608 ἔκαυσε
638 543 675 608 τὸ
709 542 746 606 ἓν
777 553 845 608 τῶν
876 546 1033 627 βιβλίων,
1065 542 1121 609 καὶ

101 645 204 726 αὖθις
221 655 457 735 προσελθοῦσα
475 648 570 733 ήξίου
588 647 644 714 καὶ
658 645 742 734 ὑπὲρ
756 659 824 715 τῶν
838 648 1043 734 λειπομένων
1058 650 1120 715 δύο

100 759 181 833 τοὺς
210 757 387 841 τριάκοντα
417 759 533 839 λαβεῖν
566 763 732 840 χρυσοῦς·’
760 763 820 820 τοῦ
851 753 880 819 δ’
913 757 961 820 έτι
992 761 1121 840 μᾶλλον
1148 783 1161 823 5

101 863 209 947 αὐτήν
231 863 449 947 ὑπεριδόντας
476 860 592 926 καὶτὸ
616 859 731 946 ἕτερον
754 863 885 927 ἔκαυσε·
914 863 1033 928 λοιπὸν
1059 859 1122 928 οὖν

100 966 187 1055 ὑπὲρ
211 977 272 1034 τοῦ
296 967 410 1053 ἑτέρου
435 965 508 1044 ἑνὸς
531 969 592 1051 τὴν
612 967 717 1051 αὐτὴν
735 967 879 1052 ἐπεζήτει
898 970 1006 1056 τιμήν.
1048 986 1121 1036 στο-

101 1077 288 1161 χασοίμενος
318 1069 380 1140 οὖν
410 1074 427 1140 ὁ
458 1075 616 1158 βασιλεὺς
646 1073 829 1157 ἀναγκαῖον
855 1075 938 1141 αὐτὸ
967 1071 1054 1141 εἶναι
1081 1086 1121 1162 τῇ

101 1186 256 1268 βασιλεία
282 1182 442 1265 λαμβάνει
470 1182 551 1257 δοὺς
573 1183 653 1257 τοὺς
675 1182 853 1266 τριάκοντα
877 1192 1034 1267 χρυσοῦς·
1065 1180 1121 1247 καὶ

101 1290 214 1376 εὑρὼν
237 1287 274 1354 ἐν
297 1287 386 1376 αὐτῷ
409 1289 467 1364 τὰς
481 1286 650 1371 Ῥωμαίων
668 1288 769 1372 τύχας
786 1286 856 1352 κατ’
881 1288 1048 1374 ἐξαίρετον
1066 1287 1121 1353 καὶ
1134 1317 1162 1356 ιο

100 1399 208 1480 μόνας
235 1393 514 1480 ἐγγεγραμμένας,
543 1391 701 1477 ἑξήκοντα
727 1398 911 1479 πατρικίων
940 1396 1122 1479 συστήματι

100 1503 164 1586 τήν
187 1502 316 1567 τούτων
337 1500 508 1586 παρέδωκε
531 1503 693 1584 φυλακήν.

48 1618 174 1674 RrIV35
197 1609 249 1674 48.
274 1609 411 1684 Νώναις
429 1611 597 1692 Μαρτίαις
619 1607 636 1673 ὁ
656 1607 800 1693 Βάρρων
818 1609 949 1692 ὄρθρου
971 1607 1031 1671 τὸν
1055 1605 1163 1674 ovd-x

106 1739 220 1800 φονον
241 1715 385 1779 δύεσθαι
409 1713 497 1796 λέγει
520 1711 575 1778 καὶ
598 1724 697 1778 πνεῖν
719 1715 778 1779 τὸν
801 1717 939 1799 βορρᾶν.

49 1832 129 1888 11129
139 1833 180 1886 IV
185 1838 220 1886 36
234 1821 286 1885 49.
310 1822 428 1897 Ελόοίς
440 1824 608 1905 Μαρτίαις
623 1818 719 1905 ἑορτή
734 1821 818 1896 Διὸς
835 1822 891 1885 διὰ
905 1820 967 1902 τήν
981 1836 1122 1904 μεσομη-
1135 1849 1162 1889 15

103 1932 183 1994 νίαν
205 1925 260 1992 καὶ
284 1925 377 2011 εὐχαὶ
400 1929 557 2011 δημόσιαι
584 1923 669 2009 ὑπὲρ
697 1935 758 1992 τοῦ
784 1927 936 2009 ὑγιεινὸν
964 1924 1123 2008 γενέσθαι

103 2037 164 2100 τὸν
194 2034 359 2099 ἐνιαυτόν.
406 2034 578 2119 λεροίτευον
607 2029 645 2098 δὲ
674 2031 729 2098 καὶ
762 2042 888 2118 ταῦρον
918 2030 1008 2115 ἑξέτη
1038 2029 1123 2118 ὑπὲρ

104 2153 172 2206 τῶν
196 2139 234 2206 ἐν
255 2151 327 2216 τοῖς
350 2142 464 2225 ὄρεσιν
491 2139 619 2224 ἀγρῶν,
646 2136 836 2223 ἡγουμένου
862 2148 923 2204 τοῦ
946 2138 1123 2224 ἀρχιερέως

102 2245 159 2312 καὶ
187 2258 255 2312 τῶν
282 2248 485 2331 κανηφόρου
511 2255 569 2329 της
596 2247 743 2330 Μητρός.
788 2247 886 2328 ήγετο
916 2241 953 2309 δὲ
980 2243 1035 2310 καὶ
1063 2247 1120 2310 ἄν·
1134 2259 1221 2314 XYH

176 2457 201 2493 v.
219 2444 252 2492 14
270 2438 360 2492 Varro
379 2417 566 2496 Waohsmuth,
586 2437 620 2491 de
639 2439 691 2492 ost.
710 2455 738 2506 p.
753 2442 805 2491 296
823 2455 865 2492 nr.
882 2442 915 2489 10

176 2621 229 2670 v.3
244 2616 274 2670 τό
290 2614 320 2671 ἓν
333 2624 388 2670 τῶν
404 2613 518 2686 βιβλίων
533 2614 649 2669 ἔκαυσεν
659 2614 717 2668 XS
727 2615 730 2687 J
742 2615 802 2686 καλ]
818 2611 877 2670 εἶτα
892 2615 949 2670 XS
1009 2621 1027 2668 4
1040 2633 1125 2684 προσ-

104 2688 240 2759 ελθοῦσα]
259 2687 296 2750 ὡς
314 2687 401 2741 αὐτόν
415 2683 548 2756 γενομένη
564 2686 621 2740 XS
642 2695 645 2753 λ
669 2687 717 2740 καὶ
736 2685 813 2740 omia.
829 2686 929 2741 SPar.
947 2688 952 2758 l
973 2687 1124 2742 ἀπολειπο·

104 2757 235 2829 μένωνΒ
294 2759 390 2820 ὀτους
403 2758 505 2819 αὐτοὺς
518 2756 669 2825 τριάκοντα
680 2756 755 2828 XSJ
772 2754 978 2826 χρυσίουςΡοτ.
1040 2763 1124 2812 6πα-

105 2828 234 2900 ριδόντος
244 2831 276 2883 Χ
290 2831 294 2900 Ι
310 2829 409 2884 λοιπόν
419 2824 482 2900 οὖν]
492 2826 576 2883 πάλιν
587 2826 618 2882 δὲ
629 2828 686 2883 XS
734 2833 748 2880 7
761 2825 867 2898 ἐτέρου]
878 2826 1042 2897 λειπομένου
1050 2828 1108 2882 XS
1118 2829 1122 2900 ή

104 2900 286 2970 ἐπιζητούσης
303 2910 353 2956 τοῦ
372 2897 487 2971 χρυσίου
510 2898 665 2968 ποσότητα,
688 2897 895 2968 στοχασάμενου
914 2900 988 2962 εἰκός
1005 2899 1055 2953 τὸν
1073 2901 1124 2970 βοι-
1167 2928 1172 2939 =

104 2971 192 3040 σιλέα,
211 2973 248 3034 ὡς
266 2973 409 3042 ἀναγκαῖα
428 2974 531 3040 μᾶλλον
549 2973 663 3040 (μᾶλλον
678 2969 804 3040 emim)
823 2969 886 3040 ἐτόγ
905 2988 955 3025 οινε
973 2968 1008 3023 τὰ
1022 2968 1124 3041 βιβλία,

103 3042 246 3112 πρίασθαι
261 3041 386 3113 (ἐπρίατο
397 3043 438 3112 Χ)
452 3039 520 3109 παρ’
538 3043 624 3112 αὐτῆς
637 3041 668 3096 τὸ
678 3039 854 3110 λειπόμενον·
870 2990 930 3095 εέτα
940 3038 1057 3108 εὑρόντα
1067 3043 1124 3111 (10)

105 3115 165 3170 XS
212 3112 374 3185 9χρυσίους
387 3114 455 3167 Par.
512 3118 543 3166 11
563 3111 721 3181 συστήματα
736 3112 841 3166 BPar.
893 3118 925 3165 12
944 3113 1125 3180 παραδοῦναι

104 3186 165 3242 XS
213 3191 246 3238 17
265 3184 389 3254 ἱεράτευε
404 3184 431 3237 Β
483 3189 515 3237 18
535 3193 584 3238 τοῦ
599 3180 747 3254 ἀρχιερέως
761 3182 839 3237 οωίε.
855 3183 883 3236 Β
934 3188 967 3234 19
986 3183 1073 3250 μητρό
1087 3184 1123 3251 A,

104 3255 192 3326 μητρό
207 3257 257 3328 Α,,
276 3256 351 3310 unde
365 3253 491 3324 corrupit
505 3253 643 3325 μητρόχου
659 3255 686 3307 Β
703 3255 706 3324 λ
723 3252 754 3308 ἐν
768 3254 856 3308 τοότοι
870 3262 908 3307 τῶ
922 3254 988 3322 μηνὶ
1002 3262 1057 3307 τῶν
1072 3249 1123 3323 βω-

104 3327 197 3397 μαίοιν
216 3326 315 3396 ἑορτήν
333 3325 403 3395 ὑπὲρ
422 3334 471 3380 τοῦ
490 3325 615 3396 ὑγιεινὸν
640 3325 735 3386 αὐτοῖς
757 3325 806 3379 τὸν
830 3324 960 3379 ἐνιαυτόν
984 3320 1058 3378 εἶναι
1080 3343 1124 3378 τε-

104 3400 229 3455 λούντων
248 3398 401 3467 ἄνθρωπος
419 3399 512 3452 αὐτῶν
530 3398 623 3468 ἡγεῖτο
640 3393 872 3467 περιβεβλημένος
890 3411 947 3463 eqs.
966 3395 1001 3449 H
1016 3393 1035 3448 f.
1052 3401 1122 3465 1651,

105 3470 149 3526 ὅτι
173 3471 204 3526 ἐν
227 3470 314 3532 εἰδοῖς
338 3466 467 3538 μαρτίαις
489 3477 602 3538 πομπῆς
625 3465 773 3538 γινομένης
794 3465 875 3538 ήγετο
900 3467 948 3521 καὶ
971 3465 1124 3535 ἄνθρωπος

105 3538 338 3614 περιβεβλημένος
356 3544 409 3594 etc.
433 3540 462 3593 Y
