2530 3988
179 206 243 270 182
295 205 430 261 FRAGM.
450 205 566 261 LIBRIS
585 205 633 258 DE
652 205 760 259 MENS.
780 203 895 259 FALSO
914 203 1074 258 TRIBUTA

136 379 163 434 Y
178 371 234 434 διδ
263 373 342 447 τοὺς
371 371 562 456 κεραυνούς.
607 379 675 434 τῶν
704 367 818 454 μέντοι
845 369 1118 452 κεραυνοβλῆτων
1145 366 1180 428 τὰ

178 478 312 562 σώματα
335 478 445 560 ἄταφα
465 479 709 559 κατελίμπανον
732 477 764 540 οἱ
787 477 898 557 πάλαι,
922 472 1113 558 ἄδιοίφδορα
1133 470 1180 556 μέ-

177 604 293 648 νοντα·
322 592 380 666 τῆς
410 583 473 668 γδιρ
505 581 542 646 ἐν
571 582 684 658 αὐτοῖς
713 581 895 666 ὑγρότητος
925 577 1182 666 ἀναρπαζομένης

179 691 244 755 ὑπὸ
267 699 328 754 τοῦ
346 691 462 774 πυρός,
486 690 596 773 ὥσπερ
615 686 849 770 ιἰποπτηθέντα
871 685 1042 771 διαμένειν
1059 684 1181 770 πέφυκε.

137 805 162 859 Χ
245 796 265 858 2
281 780 363 872 (176).
380 797 422 861 Οἱ
435 806 503 860 τῶν
513 794 678 880 Ἑβραίων
687 797 795 877 λόγιοι
809 795 869 860 τὸν
882 791 958 879 περὶ
967 793 1117 879 προγνώ-
1125 800 1227 855 1111191

151 918 261 978 οσεως
282 905 385 985 λόγον
403 904 478 986 διχῆ
497 900 686 986 τέμνουσιν,
710 903 757 977 είς
776 911 893 985 σημεῖα
911 898 966 965 καὶ
984 897 1114 984 πέρατα·
1135 895 1182 962 καὶ

179 1019 296 1093 σημεῖα
319 1006 381 1093 μὲν
403 1004 488 1074 εἶναι
516 1009 696 1092 βούλονται
718 1009 759 1072 τδι
782 1007 819 1072 ἐν
843 1008 1019 1093 μετεώροις
1043 1005 1182 1072 συνιστό-

178 1138 276 1198 μενα,
307 1115 426 1200 τέρατα
453 1111 490 1179 δὲ
519 1115 560 1178 τδι
588 1111 640 1178 ἐπὶ
669 1123 729 1198 γῆς
756 1115 800 1190 ὡς
827 1115 916 1198 παρὰ
943 1113 1049 1198 φύσιν
1077 1113 1184 1198 φαινό-

178 1245 272 1305 μενα,
289 1221 408 1287 ὁποῖον
423 1221 528 1286 ἐκεῖνο
542 1222 580 1285 τὸ
596 1219 648 1285 ἐπὶ
663 1230 721 1304 τῆς
735 1219 941 1304 καλουμένης
953 1231 1021 1285 τῶν
1031 1219 1183 1305 Ἑβραίων

139 1356 165 1394 ιο
181 1326 299 1406 ἐξόδου
317 1327 569 1413 ἀναφερόμενον
586 1325 663 1413 περὶ
678 1325 849 1403 Μωυσέως
868 1326 985 1391 αὐτοῦ·
1009 1323 1076 1390 καὶ
1094 1321 1183 1406 εἶδεν,

179 1435 230 1498 ὅτι
252 1434 273 1517 ἡ
296 1435 396 1518 βάτος
419 1438 559 1518 καίεται,
586 1433 606 1516 ἡ
636 1429 673 1498 δὲ
698 1434 797 1518 βάτος
821 1433 861 1498 οὐ
884 1433 1094 1498 κατεκαίετοῖ
1135 1429 1183 1495 καὶ

178 1541 293 1606 πόλιν·
321 1542 448 1627 εἔρριψε
471 1545 621 1625 Μωυσῆς
647 1540 710 1623 τῆν
733 1540 860 1626 ῥάβδον
888 1537 941 1604 ἐπὶ
968 1539 1030 1622 τῆν
1054 1547 1116 1622 γῆν
1135 1535 1184 1602 καὶ

178 1646 307 1730 ἐγένετο
338 1648 436 1732 dmg?
491 1646 546 1712 καὶ
578 1649 693 1712 πόλιν·
731 1645 916 1731 “εῑσῆυεγιίε
947 1649 1098 1730 Μωυσῆς
1130 1645 1185 1727 τῆν

178 1765 271 1840 χεῖρα
295 1757 342 1831 εἰς
364 1757 424 1820 τὸν
446 1757 573 1820 κόλπον
596 1755 711 1838 αὐτοῦ,
733 1751 788 1818 καὶ
812 1752 941 1836 ἐγένετο
960 1752 980 1835 ἡ
1000 1751 1072 1839 χεὶρ
1091 1753 1185 1818 αὐτοῦ

139 1889 164 1928 15
181 1859 259 1926 ὡσεὶ
282 1862 386 1947 χιών.’
423 1857 492 1926 εἶτα
516 1857 630 1937 αὖθις·
653 1859 719 1925 ’καὶ
744 1855 836 1924 εἶπεν
858 1859 976 1936 δθεὸς
994 1860 1078 1944 πρὸς
1093 1861 1186 1923 Μωυ-

179 1977 254 2051 σῆν·
279 1971 367 2054 λῆγη
391 1968 455 2033 ἀπὸ
479 1977 539 2032 τοῦ
562 1967 684 2043 ὕδατος
707 1975 768 2032 τοῦ
790 1975 941 2050 ποταμοῦ
966 1963 1018 2030 ἐπὶ
1037 1967 1076 2030 τὸ
1095 1965 1185 2049 ξηρὸν

179 2072 233 2139 καὶ
257 2077 348 2140 ἔσται
372 2066 473 2159 αἷμα.’
519 2069 589 2138 εἶτα
611 2074 752 2157 ὑποβάς·
782 2070 852 2137 εκαὶ
881 2067 952 2137 εἷπε
974 2073 1091 2157 κύριος
1111 2071 1185 2156 πρὸς

179 2185 344 2265 Μωυσῆν·
372 2181 430 2246 έδιυ
453 2182 579 2266 λαλῆση
605 2180 728 2265 Φαραὼ
751 2181 834 2265 πρὸς
856 2181 942 2264 ὑμᾶς
965 2177 1083 2262 λέγων,
1104 2179 1184 2241 Δότε

180 2300 316 2372 σημεῖον
338 2287 358 2372 ῆ
381 2287 487 2372 τέρας,
511 2283 591 2371 λαβὲ
613 2287 675 2370 τὴν
698 2287 825 2372 ῥοίβδου
848 2304 920 2369 σου,
943 2283 998 2349 καὶ
1020 2285 1121 2371 ῥίγιον
1138 2280 1184 2348 ἐπὶ

139 2421 165 2461 ιο
179 2403 237 2478 τῆς
257 2405 327 2480 γῆς,
350 2393 405 2460 καὶ
424 2397 515 2460 ἔσται
534 2395 688 2480 δρόκων.’
723 2391 779 2458 καὶ
798 2392 839 2458 οὐ
857 2402 960 2458 ταῦτα
978 2395 1095 2477 μόνον,
1117 2386 1181 2455 ἀλλ’

179 2503 227 2566 ἔτι
250 2501 346 2588 τέρας
368 2504 450 2568 ἄλλο
474 2503 706 2587 φοβερώτερον
732 2501 752 2584 ῆ
776 2510 837 2565 τοῦ
859 2501 983 2576 παντὸς
1006 2501 1184 2582 Αἰγυπτίου

179 2608 302 2685 ὕδατος
333 2610 380 2684 εἰς
408 2608 540 2694 λύθρον
570 2607 733 2691 μεταβολὴ
766 2605 820 2671 καὶ
852 2618 920 2670 τῶν
951 2607 1125 2692 βατράχων
1154 2602 1185 2666 τὸ

178 2721 309 2800 πλῆθος
331 2713 387 2779 καὶ
411 2716 443 2780 οἱ
465 2717 639 2798 λεγόμενοι
668 2723 801 2789 σκνῖπες
828 2710 882 2776 καὶ
907 2713 939 2776 ολ
962 2713 1108 2796 μόωπες,
1136 2709 1186 2784 οὓς

180 2820 276 2887 αὐτοὶ
304 2826 442 2886 καλοῦσι
465 2821 659 2905 κυνομόιας,
688 2816 742 2883 καὶ
770 2819 790 2902 η
823 2830 891 2884 τῶν
919 2830 1051 2901 κτηνῶν
1080 2816 1186 2903 φθορὰ

139 2957 165 2996 ιι
180 2928 234 2994 καί
265 2929 282 2994 ὁ
310 2929 483 3014 κονιορτὸς
510 2927 528 2993 δ
558 2925 716 3010 ἑλκώδης,
747 2932 947 3010 φλυκταίναι
974 2924 1029 2991 καὶ
1053 2925 1185 3011 ἀκρίδες,

180 3047 284 3102 ταῦτα
305 3037 413 3101 πάντα
436 3034 556 3121 τέρατα
583 3033 625 3098 δν
650 3035 785 3108 δικαίως
812 3031 972 3116 λέγοιντο.
1019 3041 1136 3116 σημεῖα
1156 3023 1186 3092 δὲ

252 3218 267 3275 ξ
288 3217 338 3266 116
357 3211 470 3264 Exodus
490 3227 512 3263 ο.
527 3209 628 3262 ΠΙ-Χ
702 3227 726 3262 V.
744 3213 776 3260 10
794 3206 863 3262 ibid.
884 3225 907 3264 ο.
921 3207 968 3276 111,
984 3213 1000 3260 2
1074 3213 1107 3260 12
1126 3201 1184 3260 ibid.

181 3283 297 3352 c.IV,3
363 3289 395 3336 13
414 3281 483 3336 ibid.
503 3281 581 3348 IV,6
647 3283 679 3333 16
698 3277 767 3333 ibid.
787 3277 865 3348 IV,9
928 3283 960 3332 17
979 3275 1185 3347 ibid.VH‚8.9

251 3461 275 3496 v.
293 3450 306 3496 1
326 3452 382 3498 τῶν
400 3439 495 3510 μέντοι
509 3447 575 3494 -4
593 3438 702 3509 πέφυκε
721 3439 800 3494 omis.
816 3440 847 3493 X
917 3445 933 3494 6
952 3436 1111 3510 τέμνουσιν]
1128 3432 1185 3503 πέμ-

181 3514 329 3637 ηρυῖηηηΧΑ
402 3520 435 3568 10
455 3509 541 3583 εἶδεν]
561 3512 614 3580 δρᾶ
627 3511 701 3566 LXX
774 3518 806 3565 11
827 3511 841 3566 ὁ
860 3509 945 3583 βάτος
963 3509 1071 3566 καίεται
1085 3501 1185 3577 nveiti
