2524 3984
180 215 308 270 LXXXII
585 211 794 266 PRAEFATIO

137 442 140 447 .
182 384 243 442 lem
267 381 403 457 Geryone
428 383 567 457 superato
590 380 622 439 in
645 380 767 439 Italiam
789 380 905 440 venisse
930 372 1059 453 dicunt¹‚
1087 397 1148 454 qua
1171 397 1202 434 re

184 472 349 547 explicatur
366 470 575 546 interpretatio
594 469 687 528 trium
703 468 848 545 Geryonis
867 487 1023 544 corporum
1042 466 1201 526 secundum

183 561 329 619 rationem
352 559 433 618 facta
457 555 490 636 (ξ
511 551 575 640 10).
622 558 759 634 sequenti
787 557 892 617 deinde
915 549 1126 635 paragraph0²
1149 555 1197 613 ab·

183 650 339 709 solvuntur
362 648 497 707 Euandri
524 648 601 706 fata:
630 650 877 706 commemoratur
905 646 985 705 enim
1012 645 1107 704 hostis
1137 645 1199 702 eius

182 739 302 814 Erylus,
326 757 415 813 quem
437 737 534 795 tribus
554 735 661 796 animis
679 735 848 811 praeditum
867 734 959 794 fuisse
977 736 1117 809 narrant3
1141 752 1199 810 qua

183 826 336 886 occasione
359 827 431 884 data
453 825 548 884 fusius
571 825 607 883 de
630 825 724 884 tribus
745 825 862 882 animae
881 824 1018 900 partibus
1038 842 1056 882 a
1074 822 1197 881 Platone

183 914 399 990 Chaldaeisque
427 915 548 973 statutis
576 913 695 972 disserit
722 913 833 989 Lydus.
879 917 946 972 tum
976 911 995 988 ᾗ
1021 915 1060 971 12
1090 911 1121 970 in
1151 911 1197 969 ad·

183 1022 328 1064 venarum
340 1003 589 1078 inventorumque
607 1003 743 1079 pergitur
760 1002 871 1075 indice;
891 1001 1086 1060 nominantur
1099 1000 1197 1059 Ulixes

183 1092 342 1151 Diomedes
365 1092 447 1150 Auso
470 1094 626 1166 materque
650 1091 713 1149 eius
737 1089 829 1167 Circe,
863 1110 939 1166 quae
963 1091 1074 1149 circum
1095 1089 1128 1147 in
1149 1089 1197 1146 ho·

184 1201 285 1240 norem
309 1179 387 1239 Solis
413 1181 507 1257 patris
534 1179 695 1253 invenerit,
724 1179 830 1255 quibus
862 1179 983 1238 additur
1009 1178 1106 1238 brevis
1134 1197 1197 1236 con-

184 1271 302 1346 spectus
331 1269 544 1344 mutationum,
577 1287 651 1345 quas
680 1268 745 1326 ludi
774 1268 917 1327 circenses
950 1288 1004 1344 per
1033 1269 1196 1343 temporum

185 1360 341 1417 decursum
370 1358 451 1433 passi
484 1357 551 1416 sint.
598 1356 702 1416 Circen
735 1360 836 1416 autem
868 1357 1048 1433 sequebatur
1075 1356 1194 1429 Aeneas,

62 1523 64 1527 Ι
185 1467 239 1524 per
267 1467 354 1523 quem
383 1446 530 1522 quomodo
558 1446 597 1504 ad
621 1445 781 1504 Romulum
809 1447 839 1503 et
866 1446 997 1504 Numam
1020 1443 1195 1520 Pompilium

68 1563 70 1570 ·
185 1537 361 1612 perventum
384 1536 432 1610 sit,
455 1536 516 1593 iam
540 1553 630 1610 supra
655 1535 767 1593 dictum
790 1537 843 1592 est.

253 1623 364 1694 Quibus
380 1623 521 1699 expositis
536 1623 619 1681 filum
633 1642 685 1682 nos
704 1623 869 1699 repperisse
883 1627 967 1700 puto,
987 1623 1067 1699 quod
1085 1624 1194 1680 secutus

117 1701 119 1706 ’
186 1713 259 1772 olim
277 1713 404 1772 Ioannes
423 1712 526 1787 Lydus
548 1712 657 1770 librum
680 1713 716 1770 de
738 1712 889 1771 mensibus
908 1712 1038 1788 primum
1057 1709 1194 1784 ⁰⁰n⁵⁰riP'

116 1836 118 1838 ·
187 1803 238 1875 sit3
269 1821 304 1859 ex
326 1801 364 1860 iis
388 1804 496 1876 autem,
525 1802 661 1877 quaeda
686 1821 719 1860 eo
744 1804 830 1860 erant
852 1801 1034 1876 disserenda,
1061 1799 1193 1859 facitote

189 1891 419 1949 aestimaturum
442 1909 505 1948 esse
528 1908 627 1966 spero,
657 1909 806 1965 quaenam
828 1891 921 1949 totius
948 1889 1019 1948 libri
1040 1892 1137 1965 partes
1160 1885 1194 1944 ad

187 1981 268 2038 hune
298 1979 377 2038 diem
408 1978 626 2053 interciderint,
655 1998 732 2054 quae
760 1979 860 2037 salvae
888 1979 955 2037 sint.
1002 1997 1124 2053 cumque
1149 1975 1194 2032 hic

188 2069 265 2128 liber
286 2067 453 2146 longiorem
476 2067 533 2126 sibi
559 2068 729 2143 poposcerit
752 2068 1054 2144 argumentationem,
1080 2067 1111 2124 in
1132 2063 1193 2122 reli·

188 2158 254 2233 quis
277 2157 396 2216 brevior
424 2175 486 2215 esse
514 2174 643 2232 possum.
690 2156 754 2233 agit
781 2157 872 2232 enim,
899 2159 935 2215 ut
962 2156 1047 2215 nobis
1073 2153 1195 2214 traditur

187 2249 253 2322 ipso
268 2246 367 2316 titulo,
383 2239 766 2324 1111111111περ1ἡμὲρας,
785 2245 869 2304 cuius
883 2245 1038 2322 prooemii,
1057 2242 1193 2320 siquidem

189 2353 279 2411 supra
302 2355 330 2410 p.
350 2333 507 2392 XXXVIII
529 2336 608 2392 reete
632 2333 794 2408 disputavi,
819 2334 926 2408 verbis,
954 2337 1055 2392 actum
1077 2333 1114 2391 iri
1134 2326 1191 2406 aspi

190 2422 280 2502 ἀρχῆς
303 2419 429 2503 ἡμερῶν,
454 2442 489 2481 ea
511 2422 662 2480 indicatur
683 2422 819 2498 materia,
843 2423 881 2481 ad
905 2441 994 2498 quam
1013 2417 1192 2498 subsequenti

189 2512 292 2570 statim
314 2512 504 2588 paragrapho
528 2503 586 2592 (H,
606 2504 641 2592 2)
666 2511 779 2570 accedit
802 2513 913 2588 auctor,
936 2511 980 2571 ita
1003 2515 1039 2570 ut
1060 2508 1192 2571 hocloco

188 2601 264 2659 nihil
286 2601 348 2659 tere
366 2600 552 2659 intercidisse
570 2618 624 2676 pro
643 2601 724 2658 certo
743 2599 851 2659 habere
870 2600 1026 2676 possimus.
1063 2594 1192 2676 expositis

189 2692 290 2749 autem
313 2689 359 2763 iis,
383 2707 458 2764 quae
482 2689 518 2747 de
539 2689 655 2747 diemm
673 2689 760 2748 initio
780 2691 866 2747 erant
884 2690 1066 2765 exponenda,
1089 2688 1126 2746 ad
1141 2685 1191 2744 sin·

189 2779 326 2856 gulorum
350 2777 465 2836 dierum
493 2777 693 2854 significatum
721 2777 832 2836 transit
854 2777 1047 2853 Laurentina,
1078 2792 1191 2853 quorum

190 2870 327 2942 septenos
364 2866 489 2942 singedis
525 2866 715 2942 planetarum
751 2866 807 2926 diis
844 2866 1056 2926 dedicaverunt
1090 2868 1192 2925 veteres

192 2955 335 3015 Chaldaei
362 2957 453 3030 atque
476 2955 622 3032 Aegyptii
643 2947 702 3036 (H,
722 2946 766 3035 4).
813 2958 843 3014 et
871 2955 915 3014 ita
943 2955 1064 3031 quidem
1090 2955 1191 3013 factum

191 3047 244 3120 est,
264 3048 298 3103 ut
316 3044 505 3121 paragrapho
526 3045 544 3102 3
565 3047 683 3103 servata
702 3045 770 3119 sint,
790 3063 867 3120 quae
881 3043 1062 3103 Laurentius
1081 3038 1191 3103 senserit

191 3136 226 3193 de
249 3134 404 3210 rhythmo,
432 3152 522 3208 quem
549 3135 667 3192 secutae
695 3133 884 3209 planetarum
908 3134 1051 3210 sphaerae
1074 3124 1190 3191 universi

189 3223 294 3281 mundi
325 3222 457 3281 efficiant
483 3222 677 3282 harmoniam.
729 3222 892 3281 errantium
922 3222 1078 3281 stellarum
1105 3221 1190 3281 auten

264 3444 273 3474 ¹
292 3461 315 3498 e.
335 3463 361 3513 g.
382 3443 467 3514 Origo
486 3443 579 3514 gentis
598 3443 742 3498 Romanae
761 3445 820 3513 VH,
841 3451 865 3500 1.

264 3513 274 3544 ²
293 3513 413 3568 alterum
432 3530 543 3582 quoque
563 3514 764 3568 sententiarum
787 3531 890 3570 nexum
907 3514 982 3570 inter
1001 3521 1032 3581 ξς
1053 3511 1188 3570 10.11in·

190 3584 381 3638 tercedentem
400 3601 484 3653 supra
501 3584 650 3638 statuimus
668 3602 695 3654 p.
708 3585 778 3640 LVI.
