2524 3984
176 195 226 254 LII
586 190 791 246 PRAEFATIO

180 364 265 424 1881
290 381 320 437 p.
345 361 521 420 145-150
551 355 599 418 ‘zu
629 360 686 419 den
716 359 931 434 planudischen
959 359 1129 435 Excerpten
1159 359 1200 418 im

179 450 270 510 codex
293 449 450 508 Palatinus
476 444 562 523 129’,
591 449 644 524 qui
671 449 742 506 dum
771 467 850 508 nova
877 449 1022 508 nonnulla
1050 448 1139 507 affert
1162 448 1200 506 ad

178 539 307 616 Hauptii
330 539 365 597 de
388 539 445 597 hoc
467 538 714 616 Heidelbergensi
736 537 836 598 codice
867 537 1117 614 disquisitionem,
1148 537 1198 595 ad-

178 629 233 703 dit,
255 627 317 706 legi
338 628 370 685 in
392 627 482 686 huius
506 626 614 686 codicis
638 627 658 685 f.
679 628 741 688 96v
763 646 791 686 v.
812 629 942 686 27-33
971 626 1093 686 Ioannis
1121 626 1199 702 Lydi

179 718 215 781 de
233 717 384 776 mensibus
403 736 432 791 p.
449 718 489 774 13
508 736 536 775 v.
553 716 660 774 5-16
681 715 821 774 editionis
839 715 1046 776 Bekkerianao
1066 711 1199 794 (nostrae

178 827 207 884 p.
224 808 327 880 18,11
344 797 437 884 sqq.):
461 805 541 880 quod
564 823 628 882 ego,
651 824 688 863 ne
713 804 748 862 de
771 805 833 863 ullo
852 804 1010 863 Laurentii
1031 804 1199 881 fragmento

179 895 274 954 sciens
297 897 436 971 tacerem,
459 912 520 952 non
544 912 773 952 commemorare
796 892 889 953 nolui.

247 981 398 1051 Quattuor
430 984 531 1044 autem
562 983 631 1041 illos
664 982 792 1057 codices,
831 1001 905 1058 quos
943 983 1113 1042 attulerunt
1144 979 1200 1040 uiri

180 1072 261 1131 docti
276 1104 318 1112 -
332 1070 496 1130 Vaticanos
513 1071 598 1145 duos,
620 1071 799 1144 Perusinum,
817 1071 1057 1130 Laurentianum
1072 1103 1115 1111 —
1129 1070 1199 1146 ipse,

181 1162 328 1237 quatenus
352 1160 391 1217 ad
412 1159 532 1236 Lydum
553 1159 719 1236 pertinent,
745 1160 875 1236 inspexi,
901 1160 1035 1236 itemque
1064 1158 1200 1235 quintum

180 1249 331 1325 quendam
354 1246 591 1308 Ottobonianum
614 1267 754 1327 graecum
778 1251 852 1320 345,
877 1268 965 1324 quom
988 1248 1115 1308 eundem
1139 1266 1198 1306 esse

180 1341 271 1413 atque
294 1337 419 1396 tortium
445 1337 532 1396 illum
550 1337 732 1396 Vaticanum
759 1338 798 1396 ab
821 1339 938 1415 Angelo
966 1338 1046 1397 Maio
1076 1355 1198 1396 comme-

180 1429 332 1486 moratum
359 1445 414 1502 pro
445 1430 525 1486 certo
556 1427 660 1485 habeo.
707 1445 834 1502 quorum
865 1427 997 1502 quinque
1028 1426 1199 1485 codicume

55 1528 120 1570 codd.
134 1529 155 1566 Y
182 1515 337 1580 Planudea
369 1515 539 1574 recensione
580 1509 622 1597 (Y
655 1507 810 1596 editionis)
850 1515 1044 1574 deductorum
1082 1514 1201 1574 brevem

182 1607 387 1680 conspectum,
414 1604 446 1661 in
474 1623 533 1679 quo
557 1604 736 1680 ubicumque
759 1603 791 1661 in
819 1622 941 1664 censum
968 1605 1115 1663 vocantur
1142 1601 1198 1661 edi·

181 1694 273 1754 tionis
296 1693 402 1767 verba,
429 1711 467 1752 ea
488 1694 553 1752 sola
574 1692 758 1794 indicantur,
788 1693 895 1768 quibus
918 1692 950 1750 in
972 1692 1109 1770 margine
1131 1695 1199 1751 nota

183 1784 212 1840 Y
236 1782 375 1859 apposita
398 1784 510 1840 est—
533 1801 699 1858 proponere
722 1781 784 1840 iam
806 1781 909 1841 liceat:
1250 1803 1255 1952 ⁴

74 1921 124 1960 coe
140 1919 155 1959 o
252 1905 275 1965 0
303 1905 502 1965 Vaticanus
522 1924 674 1984 graecus
690 1907 752 1966 951
770 1906 981 1965 chartaceuss
995 1905 1079 1966 XVI
1071 1905 1253 1994 ,legitur

306 1996 326 2054 f.
353 1997 405 2055 9v.
429 1995 574 2106 Μαξίμου
603 2004 734 2073 perexeat
761 2003 814 2054 τοῦ
838 1994 1019 2055 Πλανοιίδου
1047 1990 1253 2078 συναγωγὴ
1252 1972 1253 2046 ί

306 2082 504 2164 ἔκλεγεῖσοι’
489 2084 547 2144 aad
585 2082 739 2165 διαφόρων
775 2084 899 2164 βιβλίων
936 2083 1033 2144 πάνυ
1048 2079 1199 2161 ὠφέλιμος
1249 2057 1253 2149 4

305 2173 444 2248 Lydiana
458 2176 562 2232 extant
574 2172 677 2232 mdea
696 2173 716 2231 f.
732 2175 799 2233 88‘:
818 2195 892 2234 ιωου
821 2166 1051 2233 “iudod.
1040 2172 1085 2233 ότι
1101 2170 1252 2252 ερυλοι
1249 2138 1252 2218 ί

197 2267 199 2270 ’
308 2258 349 2338 (p.
376 2254 538 2344 2,24)-
559 2259 731 2340 δεκὲμβριον
758 2258 813 2339 ὁμο
815 2257 939 2339 ως(
963 2262 1035 2336 158,
1048 2264 1087 2321 16
1113 2252 1252 2339 ορρμζ)

308 2352 556 2410 commemoratur
578 2368 596 2409 a
619 2349 699 2409 Maio
724 2352 754 2409 et
776 2350 996 2413 Piccolominio.

74 2477 159 2518 cod-1>
255 2465 282 2523 D
307 2463 575 2525 Ottobonianus
607 2484 758 2543 graecus
783 2468 846 2525 345
876 2467 1097 2525 chartaceuss.
1119 2463 1201 2534 xvh

300 2554 321 2612 f
343 2556 373 2611 1
390 2563 443 2613 τοῦ
458 2555 604 2632 Μαξίμου
623 2577 754 2633 μονυχου
772 2563 825 2614 τοῦ
844 2554 1017 2632 Πλυνούδη.
1051 2549 1203 2613 Laurentii

309 2643 400 2701 verba
423 2643 571 2720 exscripta
595 2644 707 2702 suntf.
733 2645 786 2704 65
788 2646 904 2704 —81'2
927 2642 971 2702 ὅτι
994 2641 1099 2722 ἔρυλον
1117 2635 1200 2725 (pi,
1248 2584 1251 2732 ί

314 2725 431 2812 )4-
449 2730 598 2810 διαμένειν
620 2729 735 2810 πέφυκε
759 2725 801 2815 (p
819 2736 880 2793 182
883 2725 947 2813 ‚.4)
991 2731 1066 2790 Maii
1089 2727 1200 2792 tertius
1246 2721 1251 2904 ⁴

308 2819 379 2878 Vat
357 2817 485 2880 t'rcanus
512 2824 566 2880 est

75 2948 159 2989 ceusu
255 2934 503 2995 EVatioanus
537 2936 728 2996 Palatinus
764 2956 913 3015 graecus
939 2940 1000 2996 141
1034 2937 1200 2995 chartaceus
1245 2918 1249 2954 ²

309 3043 331 3082 s.
350 3023 521 3082 XIV-XV
539 3023 680 3084 foliorum
695 3028 768 3101 378,
790 3027 823 3085 in
841 3027 899 3086 fine
918 3026 1052 3099 mutilus,
1076 3023 1201 3085 continet

309 3111 434 3171 Maximi
468 3112 611 3172 Planudis
649 3115 792 3191 opuscula
829 3117 860 3174 et
897 3117 1048 3191 excerpta3
1087 3116 1107 3174 f.
1132 3111 1200 3173 150¹

309 3201 420 3279 legitur
442 3201 610 3282 Συναγωγὴ
635 3207 802 3283 συλλεγεῖσα
824 3201 882 3264 ἀπὸ
907 3201 1060 3283 διαφόρων
1084 3202 1200 3283 βιβλίων

200 3325 203 3329 -
309 3288 390 3371 παρὰ
414 3298 467 3350 τοῦ
496 3291 669 3369 σοφωτάτου
698 3292 875 3372 λογιωτάτου
898 3291 949 3352 aci
978 3292 1152 3370 τιμιωτάτου
1173 3287 1199 3348 ἐν

311 3384 451 3460 μοναχοῖς
490 3381 596 3460 κυρίου
633 3382 778 3460 Μαξίμου
814 3391 867 3442 τοῦ
905 3381 1086 3441 Πλανούδου
1127 3379 1199 3440 πάνυ

199 3463 203 3470 ’
310 3465 473 3548 ὠφέλιμος,
509 3469 530 3528 f.
555 3472 640 3529 217γ
662 3490 689 3530 v.
714 3473 743 3530 6.
775 3465 849 3530 effi
880 3469 983 3531 λυδοῦ.
1029 3468 1073 3530 ὅτι
1105 3469 1200 3550 ἕρυλοι

312 3553 353 3634 (p.
377 3562 407 3633 2,
418 3551 475 3641 24)
501 3592 543 3601 -
566 3559 684 3618 1224*
705 3581 733 3619 τ.
758 3562 797 3619 31
827 3557 878 3619 καί
905 3555 1076 3640 ὄειιέμβριος
1099 3557 1200 3638 ὁμοίως
