2530 3988
379 224 488 280 LIBER
506 223 683 291 QUARTUS.
711 225 825 280 MAIUS
1047 226 1110 290 133

12 377 13 382 ἵ
93 387 244 454 τουτέστι
272 388 333 471 τήν
359 397 424 471 γήν
450 389 702 475 θεραπεύοντες.
747 392 956 474 μαίουμίζειν
978 391 1015 455 τὸ
1040 387 1111 475 ἑορ-
1125 399 1151 452 X

93 496 203 574 τάζειν
230 494 466 580 ὀνομάζουσιν,
494 493 527 574 έξ
555 490 596 561 οὗ
623 492 679 561 καὶ
701 499 897 579 Μαίουμᾶν·
924 498 1110 582 πανήγυρις
1124 505 1203 562 Suid.

92 602 202 688 <γάρ>
225 603 322 686 ήγετο
347 600 384 667 έν
405 609 445 688 τῇ
464 601 568 688 Ῥώμη
591 602 673 666 κατὰ
696 602 756 667 τὸν
774 603 890 667 Μάιον
912 610 1009 686 μῆνα.
1050 603 1112 685 τήν

91 708 260 794 παράλιον
273 709 580 794 καταλαμβάνοντες
593 710 694 773 πόλιν
707 708 769 791 τήν
787 706 970 792 λεγομένην
979 705 1112 774 Ὀστίαν

92 816 124 880 οἱ
155 816 197 879 τά
226 825 340 900 πρῶτα
368 824 427 900 τής
449 814 571 900 Ῥώμης
601 820 774 891 τελοῦντες
802 814 993 897 ἡδυπαθεῖν
1022 815 1111 898 ήνεί-
1139 841 1152 880 5

91 945 194 1006 χοντο
218 920 256 986 έν
278 932 347 998 τοῖς
369 926 563 999 θαλαττίοις
589 921 713 987 ὕδασιν
740 921 903 1005 ἀλλήλους
931 919 1112 1007 ἐμβάλλον-

92 1048 159 1105 τες·
184 1028 268 1093 ὅθεν
288 1026 344 1093 καὶ
362 1032 543 1114 Μαίουμδις
565 1028 584 1094 6
607 1038 665 1112 τής
682 1029 837 1112 τοιαύτης
860 1026 975 1115 ἑορτής
997 1028 1112 1114 καιρὸς
1183 1043 1185 1052 ’

92 1135 288 1219 ὠνομάζετο.
333 1134 417 1220 ἀρχή
440 1132 599 1218 γενέσεως
623 1136 753 1218 σελήνη.
1123 1144 1150 1198 X

45 1253 165 1308 deesth
184 1241 235 1306 81.
251 1239 322 1306 Ὅτι
339 1241 357 1308 6
371 1239 595 1326 Ἐμπεδοκλῆς
610 1240 728 1307 οὐσίαν
747 1240 892 1324 ἀνάγκης
910 1242 1021 1306 αἰτίαν
1033 1264 1112 1324 χρη-
1127 1251 1145 1306 S

91 1349 213 1431 στικὴν
234 1358 302 1413 τῶν
324 1347 436 1434 ἀρχῶν
458 1345 513 1413 καὶ
535 1358 604 1413 τῶν
627 1350 799 1432 στοιχείων
822 1346 1004 1432 ένέκρινεν·
1031 1346 1050 1412 6
1074 1343 1111 1411 δὲ
1126 1373 1153 1414 ιο

91 1457 306 1540 Δημόκριτος
328 1455 390 1538 τήν
413 1453 610 1521 ἀντιτυπίαν
627 1452 683 1519 καί
702 1455 832 1538 πληγήν
850 1451 905 1518 καί
924 1454 1036 1540 φοράν
1054 1463 1112 1537 τής

91 1561 184 1644 ὕλης.
223 1546 367 1628 Πλάτων
389 1585 427 1646 γε
445 1562 512 1647 μήν
533 1559 574 1627 τά
597 1557 658 1646 μὶν
682 1563 729 1638 είς
751 1563 926 1646 πρόνοιαν,
949 1560 990 1625 τά
1008 1555 1046 1623 δὲ
1065 1559 1112 1636 είς

91 1667 245 1751 ἀνάγκην
267 1666 443 1752 ἀνήγαγεν,
467 1668 522 1733 ὅτε
544 1663 606 1752 μὲν
627 1668 690 1751 τήν
711 1667 808 1751 ὕλην,
831 1667 886 1732 ὅτε
909 1662 946 1731 δὲ
969 1667 1031 1750 τήν
1050 1675 1111 1730 τοῦ

91 1782 273 1851 ποιοῦντος
296 1772 410 1858 σχέσιν
428 1774 632 1858 αἱτιάμενος.
668 1776 729 1859 τήν
747 1772 776 1839 δ’
795 1772 997 1860 εἱμαρμένην
1010 1771 1111 1859 Ἡρά-

91 1886 223 1957 κλειτος
245 1882 306 1965 τήν
328 1880 434 1964 αὐτήν
460 1879 515 1946 καί
543 1880 692 1966 ἀνάγκην
719 1877 806 1947 εἱναι
829 1881 999 1965 βούλεται,
1028 1880 1045 1946 6
1074 1876 1111 1944 δὲ
1125 1904 1150 1946 ιε

93 1988 242 2053 Πλάτων
262 1991 464 2074 προστίθησι
486 1985 541 2053 ααὶ
564 1988 626 2071 τήν
643 1985 720 2074 παρ’
738 1989 823 2074 ἡμᾶς
842 1989 960 2053 αἰτίαν.
998 1982 1111 2071 οἱμὲν

93 2089 158 2160 οὖν
175 2090 322 2159 Στωϊκοὶ
340 2095 402 2178 τήν
424 2091 485 2179 μὲν
504 2094 653 2178 ἀνάγκην
671 2093 839 2179 ἀκίνητον,
862 2095 924 2177 τήν
942 2090 980 2160 δὲ
999 2093 1111 2178 εἱμαρ-

92 2198 200 2285 μένην
223 2197 305 2285 φασὶ
324 2203 519 2285 συμπλοκὴν
541 2196 628 2266 εἱναι
652 2202 768 2266 αἰτιῶν
790 2199 1010 2286 τεταγμένων·
1034 2189 1111 2285 ένῇ

93 2312 267 2393 συμπλοκή
295 2304 350 2371 καί
378 2308 418 2371 τὰ
446 2306 521 2393 παρ’
544 2306 643 2392 ἡμᾶς,
674 2309 757 2373 ὥστε
784 2309 824 2372 τά
851 2303 913 2391 μὲν
941 2307 1111 2392 εἱμάρθαι,

92 2416 134 2479 τά
158 2410 196 2478 δέ
214 2413 445 2499 συνειμάρθαι.
492 2412 611 2480 οὐσίαν
630 2410 667 2479 δὲ
686 2413 888 2500 εἱμαρμένην
906 2413 1111 2500 ὁἩράαλει-
1125 2439 1151 2478 20

93 2543 151 2596 τος
182 2521 243 2585 τὸν
272 2521 328 2585 διά
358 2521 482 2597 παντὸς
511 2521 635 2604 ήκοντα
664 2524 767 2604 λόγον
795 2518 974 2606 ἐνέκρινεν.
1024 2520 1042 2586 6
1073 2516 1111 2585 δὶ

94 2627 291 2712 Χρύσιππος
313 2625 407 2704 τάξιν
429 2635 491 2692 τοῦ
512 2627 636 2703 παντὸς
658 2625 679 2710 ή
703 2630 805 2711 λόγον
828 2638 895 2692 τῶν
919 2625 956 2692 έν
983 2635 1029 2714 τῷ
1056 2628 1111 2690 κό-

96 2751 166 2822 σμῳ
182 2732 432 2818 διοικουμένων.
473 2733 492 2800 6
512 2730 550 2798 δέ
563 2734 792 2810 Ποσειδώνιος
808 2736 925 2819 τρίτην
948 2733 1112 2798 ἀπόδοσιν

94 2849 251 2905 ποιεῖται·
273 2841 410 2926 πρώτην
425 2836 563 2926 μὲνγὰρ
578 2835 664 2905 εἶναι
683 2842 743 2905 τὸν
756 2844 834 2924 Δία,
858 2837 1018 2924 δευτέραν
1032 2834 1112 2922 (δὲ)

166 2997 191 3034 v.
207 2984 223 3033 3
241 2977 426 3048 Empedocles
444 2977 521 3033 Diels
541 2979 661 3048 Doxogr.
680 2997 721 3049 gr.
735 2998 762 3049 p.
778 2984 846 3033 321⁸
864 2984 897 3033 13
958 2984 990 3032 11
1009 2977 1112 3030 Demo-

96 3049 183 3103 critus
206 3049 275 3104 ibid.
296 3056 329 3104 16
421 3055 454 3104 13
473 3049 555 3105 Plato
578 3049 647 3104 ibid.
666 3055 700 3104 10
723 3053 752 3105 et
771 3056 805 3105 18
896 3055 930 3103 14
952 3047 1112 3102 Heraclitus

96 3119 165 3174 ibid.
179 3138 207 3190 p.
222 3126 325 3175 333·3
385 3125 419 3174 16
438 3121 519 3175 Plato
535 3120 636 3176 ibid.5
696 3127 729 3176 17
749 3119 952 3176 Stoiciibid.9
1007 3124 1042 3172 30
1055 3118 1112 3172 He-

95 3190 212 3246 raeh'tus
230 3190 300 3246 ibid.
314 3210 341 3261 p.
357 3196 459 3246 333·3
529 3197 563 3246 33
583 3191 755 3262 Chrysippus
773 3191 841 3247 ibid.
857 3198 873 3246 9
944 3195 978 3244 33
997 3189 1113 3243 Posido-

95 3261 159 3318 nius
177 3261 247 3317 ibid.
266 3281 293 3333 p.
309 3267 408 3317 32424

165 3404 190 3440 v.
206 3391 223 3440 2
241 3385 399 3458 πανήγυρις
416 3385 497 3458 ήγετο
512 3417 546 3427 -
561 3393 578 3442 8
597 3385 753 3458 ὠνομάζετο
773 3385 850 3441 Suid.
870 3403 890 3442 ε.
909 3405 935 3440 v.
949 3390 1112 3456 Μαίονμᾶς,

97 3457 170 3530 (γάρ
213 3455 312 3512 addidi
390 3457 603 3528 11κα1φορὰα
621 3459 670 3514 ααὶ
690 3457 799 3529 πληγήν
816 3457 938 3528 Doxogr.
1017 3463 1050 3511 13
1070 3475 1113 3512 τε-

95 3548 146 3600 ταγ
181 3549 235 3599 νην
249 3527 327 3585 Doxo
364 3573 369 3584 .
434 3535 469 3584 30
488 3527 662 3599 ἀνειμάρθαι
676 3529 797 3599 Doxogr.
859 3535 894 3584 34
909 3538 1030 3599 πρῶτον,
1047 3539 1113 3584 mox

96 3601 227 3670 δεύτερον
246 3603 275 3655 et
292 3619 324 3670 πρ
336 3619 387 3656 τον
404 3600 524 3671 Doxogr.
541 3601 546 3672 Ι
561 3600 637 3675 (δὲ)
655 3601 776 3671 Doxogr.
