2556 3996
469 195 579 251 LIBER
595 195 717 250 ALTER
1057 195 1101 260 33

111 362 206 428 ἵλαθι
222 359 333 445 κόθιμ’
352 359 487 447 άριθμέ,
507 361 609 446 πάτερ
628 361 801 446 μακάρων,
814 361 917 447 πάτερ
937 361 1080 448 ἀνδρῶν.
1116 370 1142 423 Χ

27 514 119 582 RrIL
128 504 210 569 1112.
237 505 306 588 Τήν
334 501 480 588 ἑβδόμην
503 501 630 588 ἡμέραν
653 503 834 586 Αἰγύπτιοι
857 499 919 589 μέν
941 501 996 568 καὶ
1015 508 1102 568 Χαλ-
1117 511 1177 566 ΧΥ

86 611 179 676 ὃαῖοι
196 618 436 698 προσφωνοῦσι
457 612 629 693 Φαίνοντι,
653 609 739 675 οὕτω
762 607 832 675 κατ’
860 609 982 686 αὐτοὺς
999 627 1102 695 προσ-

85 716 319 804 αγορευομένῳ
357 715 470 802 ἀστέρι
501 723 548 803 τῷ
574 717 710 781 πάντων
748 715 919 806 ἀνωτάτην,
958 717 1101 801 ψύχοντι

86 825 196 909 ἄκρως
213 821 269 888 καὶ
291 834 461 908 προσεχῶς
479 821 680 908 ξηραίνοντι,
703 825 840 908 Κρόνον
858 820 895 889 δὲ
913 821 1102 890 αὐτὸνἛλ-
1129 841 1141 880 ⁵

86 935 186 1013 λησιν
209 932 290 1005 ἔθος
311 933 427 994 καλεῖν
448 929 530 993 κατὰ
553 924 615 1012 μὲν
636 931 832 1014 θεολογίαν,
860 931 942 995 κατὰ
970 925 1007 995 δὲ
1030 929 1101 995 έτυ-

84 1039 250 1120 μολογίαν
269 1037 407 1120 θιακορή
426 1043 522 1119 νοῦν,
543 1033 648 1101 οἱονεὶ
666 1037 775 1121 πλήρη
793 1034 849 1101 καὶ
867 1038 989 1121 μεστὸν
1007 1035 1101 1122 ἐτῶν,

85 1141 162 1207 ἀντὶ
186 1151 248 1209 τοῦ
271 1145 494 1227 Μακραίωνα,
522 1141 567 1218 ὡς
590 1148 726 1228 είρηται.
772 1143 808 1207 οἳ
827 1166 866 1225 γε
892 1144 959 1228 μήν
982 1149 1102 1211 Πυθα-
1115 1154 1195 1208 XYS

86 1252 213 1335 γόρειοι
237 1257 283 1337 τῷ
305 1248 443 1334 ἡγεμόνι
464 1257 524 1313 τοῦ
543 1249 666 1325 παντὸς
683 1249 746 1332 τήν
764 1247 910 1334 ἑβδόμην
928 1249 1103 1317 ἀνατίθεν-

85 1380 152 1440 ται,
174 1354 325 1421 τουτέστι
343 1363 390 1443 τῷ
410 1357 470 1438 ἐνί,
493 1352 549 1419 καί
563 1355 688 1440 μάρτυς
706 1352 846 1439 Ὀρφεὺς
860 1355 967 1440 λέγων
985 1358 1103 1436 οὕτως·
1117 1386 1143 1425 10

165 1493 299 1600 ἑβδόμη,
322 1515 365 1598 ἡν
388 1514 547 1600 ἐφίλησεν
570 1513 650 1593 ἅναξ
674 1511 830 1600 ἑκάεργος
848 1513 1027 1582 Ἀπόλλων.

80 1661 276 1741 Ἀπόλλωνα
294 1672 332 1740 δὲ
350 1687 515 1760 μυστικῶς
533 1677 593 1742 τὸν
611 1674 670 1741 ἕνα
684 1675 842 1759 λέγεσθαι
860 1681 1104 1763 προειρήκαμεν

86 1784 145 1848 διὰ
171 1783 209 1848 τὸ
240 1783 378 1848 άπωθεν
406 1777 492 1848 εἶναι
525 1794 592 1848 τῶν
623 1787 771 1867 πολλῶν,
803 1781 953 1849 τουτέστι
986 1787 1103 1869 μόνον.

86 1889 200 1975 ὀρθῶς
233 1885 296 1955 οὖν
327 1887 475 1975 άμήτορα
506 1890 566 1954 τὸν
598 1887 678 1955 ἑπτὰ
710 1889 859 1975 ἀριθμὸν
886 1890 904 1956 ὁ
937 1894 1104 1969 Φιλόλαος

87 1999 346 2082 προσηγόρευσε,
369 1998 471 2081 μόνος
493 1997 557 2081 γὰρ
581 1997 658 2062 οὔτε
680 2005 805 2079 γεννᾶν
823 1998 899 2062 οὔτε
917 2005 1103 2080 γεννᾶσθαι
1117 2024 1143 2064 15

87 2100 228 2186 πέφωιε·
251 2103 289 2168 τὸ
310 2098 347 2167 δὲ
360 2105 441 2188 μήτε
458 2114 589 2186 γεννῶν
607 2104 687 2187 μήτε
705 2104 917 2188 γεννώμενον
935 2103 1105 2188 ἀκίνητον·

90 2206 129 2272 ἑν
151 2208 279 2290 κινήσει
302 2209 366 2294 γὰρ
391 2208 411 2292 ἡ
435 2207 605 2293 γέννησις,
632 2209 669 2273 τὸ
692 2207 767 2293 μέν,
794 2209 850 2273 ἵνα
872 2213 1032 2298 γεννήση,
1063 2213 1101 2278 τὸ
1116 2222 1165 2276 XS

87 2312 141 2398 δέ,
171 2314 228 2379 ἵνα
255 2321 416 2402 γεννηθῇ·
446 2324 598 2391 τοιοῦτος
622 2311 700 2380 θέιὸ
723 2317 818 2398 θεός,
845 2316 890 2392 ὡς
918 2315 973 2382 καί
1001 2318 1102 2396 αὐτὸς

159 2541 184 2578 v.
201 2531 215 2577 1
235 2524 307 2579 Abel
324 2525 417 2596 Frgm.
438 2524 522 2595 Orph.
542 2531 593 2580 147
668 2531 701 2579 10
720 2525 792 2579 Abel
806 2525 898 2596 Frgm.
919 2525 1004 2596 Orph.
1024 2533 1075 2582 148

159 2738 184 2773 ν.
205 2727 219 2773 1
244 2717 388 2790 μακαρίων
411 2722 454 2790 Χ,
482 2719 615 2791 μακάρων
637 2721 690 2776 Sch
797 2727 813 2774 2
836 2719 942 2792 ἡμέραν
970 2722 1049 2778 οωίε.
1077 2724 1108 2777 Y

88 2796 105 2844 3
124 2789 212 2852 οὕτως
236 2792 268 2844 Χ
353 2798 371 2845 4
392 2796 430 2864 τῷ
452 2791 579 2865 πάντων]
602 2802 657 2848 τῶν
679 2790 794 2846 πάντων
816 2793 847 2846 Y
932 2799 948 2847 ὁ
968 2793 1055 2862 ἄκρος
1076 2795 1104 2850 Α

89 2868 105 2915 6
125 2859 276 2932 θεολογίαν
294 2858 342 2917 οἷα
359 2864 478 2932 θιακορῆ
498 2872 567 2919 νοῦν
585 2863 734 2934 (θιακονὴν
752 2860 803 2918 οὖν
822 2865 851 2917 Β
873 2872 940 2934 -ρήν
964 2862 1014 2919 οὖν
1034 2882 1102 2920 corr.

88 2934 129 3002 B,
153 2934 291 3004 θιακορήν
314 2929 365 2988 οὖν
383 2935 411 2987 Α
435 2943 502 3004 -νήν
525 2932 577 2990 οὖν
595 2936 636 3006 Α,
658 2937 757 3024 marg.)
781 2933 853 2989 κατὰ
872 2933 903 2989 δὲ
923 2933 1104 3005 ἐτυμολογίαν

89 3001 177 3060 οἱονεί
192 3004 281 3074 codd.‚
301 3021 369 3059 corr.
384 3005 437 3060 δολί
509 3011 525 3059 8
544 3007 608 3061 ἀντὶ
627 3025 791 3074 μακραιωνα
810 3007 847 3068 ὡς
860 3005 968 3075 εἴρηται
983 3007 1020 3076 Χ,
1040 3005 1104 3061 ἀντὶ

88 3083 138 3130 τοῦ
158 3073 322 3144 μακραίωνα
344 3076 394 3144 ΥΙ
415 3075 430 3130 ὁ
449 3075 502 3146 γὰρ
521 3075 639 3149 ἕβδομος
656 3076 779 3146 ἀριθμός
795 3074 875 3146 ἡλίου
894 3075 979 3132 ἐστίν·
1004 3076 1032 3130 ολ
1050 3076 1103 3147 γὰρ

89 3144 276 3216 πνθαγόρειοι
289 3179 325 3188 -
338 3165 364 3216 p.
380 3153 457 3216 34,6
481 3147 616 3217 ἐμφανῶν
638 3152 715 3203 θεῶν
734 3148 756 3203 S
845 3153 878 3201 10
897 3147 1001 3216 μάρτυς
1023 3147 1102 3202 omis.

90 3218 147 3273 XS
179 3217 186 3308 ἡ
217 3217 232 3272 ὁ
255 3217 398 3287 όρφεὺςθ
504 3226 536 3272 12
556 3217 711 3274 Ἀπόλλωνα
730 3251 765 3259 -
785 3225 818 3272 18
837 3217 926 3287 μόνον
949 3219 1051 3271 desunt
1078 3219 1107 3272 Υ

91 3294 125 3342 13
144 3290 192 3344 θια
206 3320 240 3330 -
256 3287 343 3358 μόνον
362 3288 440 3344 omis,
456 3290 479 3345 S
549 3297 583 3345 14
601 3289 745 3360 άκμήτορα
764 3290 792 3343 Β
865 3296 897 3344 15
917 3287 1104 3343 οόθὲ-οὐθὲ

90 3360 145 3415 AS
215 3367 248 3414 16
267 3357 387 3429 πέφυκε·
406 3360 438 3415 τὸ
457 3359 489 3415 δὲ
506 3369 635 3417 τοιοῦτον
655 3359 789 3430 ἀκίνητον
807 3361 837 3414 Υ
907 3364 939 3412 17
958 3356 1102 3430 γέννησις·

91 3431 186 3500 ἑπειθὴ
200 3430 294 3486 καὶτὸ
314 3441 420 3502 γεννῶν
434 3433 527 3488 καὶτὸ
546 3434 721 3503 γεννώμενον
740 3433 792 3486 οὐκ
806 3431 874 3486 ἄνευ
892 3430 1025 3498 κινήσεώς
1038 3430 1103 3485 ἐστι.

91 3502 123 3557 τὸ
141 3500 190 3572 μὲν
210 3501 257 3558 ίνα
272 3503 310 3570 Χ,
328 3500 464 3572 ἀκίνητον
482 3502 744 3573 πέφυκειτοιοῶτος
761 3501 793 3557 δὲ
812 3502 827 3556 ὁ
846 3499 926 3563 θεός·
946 3503 1015 3572 φησὶ
1033 3511 1103 3573 γοῦν

92 3574 139 3628 καί
157 3573 263 3641 όνήτωρ
283 3573 370 3645 δήτὸ
389 3573 439 3643 μὲν
453 3595 528 3646 —p.
544 3580 616 3644 34‚3
636 3573 732 3644 ὅμοιος
749 3575 851 3628 desunt
874 3574 902 3626 Y

143 3673 225 3714 Ianus
240 3671 274 3712 ed.
289 3672 438 3714 Wuensoh.
927 3668 943 3716 3
