2524 3984
186 211 302 268 XXXIV
589 209 796 267 PRAEFATIO

187 380 400 456 Wechsmuth‚
435 379 472 439 ef.
505 378 541 438 de
569 397 662 438 mens.
689 398 718 455 p.
743 381 828 456 52st
853 371 946 461 epp).
992 377 1074 438 edite
1103 382 1210 440 eutem

187 472 259 531 sunt
281 488 317 529 ee
340 468 377 529 eb
399 468 466 545 ipso
488 467 685 529 Boissonedio
708 468 728 527 l.
747 486 770 528 s.
789 488 818 544 p.
837 469 912 528 416.

253 558 289 617 Id
312 576 442 635 quoque,
465 556 545 633 quod
567 557 588 616 f.
612 553 671 619 98τ
694 555 803 617 codicis
821 556 846 615 P
865 553 979 635 legitur
1001 556 1211 634 fragmentum

186 644 253 729 περὶ
271 655 324 708 τοῦ
347 650 503 707 καλεῖσθαι
516 645 647 724 Δάφνην
669 643 724 724 τὴν
747 643 864 725 moiri
883 644 1034 706 Παλάτιον
1058 666 1074 705 e
1091 646 1210 706 meiere

187 738 274 813 perte
298 735 446 796 consentit
469 753 537 794 cum
554 733 633 811 Lydi
656 733 791 795 oodioeS
811 725 894 815 (inde
917 733 956 793 eb
979 728 1210 817 edp.68,11)‚

189 828 219 884 et
242 825 273 884 in
297 845 341 901 ee,
365 843 425 901 que
448 823 560 884 nullius
583 823 708 883 elterim
731 823 840 884 codicis
862 823 1067 883 testimonium
1083 828 1211 900 praesto

187 913 274 973 nobis
292 916 347 988 est,
369 915 463 992 perte,
486 912 532 972 bis
556 911 595 972 ed
613 913 742 972 eliorum
759 911 831 971 libri
848 911 884 972 de
902 911 1052 972 mensibus
1070 914 1210 974 locorum

187 1002 276 1061 fidem
284 1020 446 1079 provocare
455 1019 626 1078 possumus:
641 1001 676 1061 de
684 1001 794 1061 Latino
805 1000 926 1060 Aeneae
933 1019 1034 1061 socero
1044 993 1209 1084 (perpe)

187 1090 291 1151 videos
315 1111 344 1167 p.
365 1093 455 1170 mo,
479 1092 519 1167 et,
547 1090 579 1149 id
602 1090 682 1167 quod
706 1089 829 1168 glorius
853 1093 907 1166 est,
930 1089 966 1148 de
988 1090 1126 1170 Daphne,
1149 1091 1209 1150 Pe·

187 1179 255 1239 latii
284 1179 446 1256 Byzantini
474 1181 570 1256 purte,
600 1180 702 1258 egitur
734 1199 764 1255 p.
791 1181 896 1255 163,7.
951 1197 1027 1255 quae
1061 1195 1130 1239 oum
1163 1180 1212 1239 ito.

188 1270 300 1344 essent,
330 1269 533 1346 fragmentum
561 1267 639 1327 illud
667 1267 819 1346 integrum
840 1267 946 1328 rettuli
973 1267 1012 1326 ed
1035 1267 1210 1328 editionem.

188 1376 309 1416 monere
333 1359 435 1416 eutem
457 1355 561 1432 liccat,
583 1356 836 1417 occurrere'illud
858 1357 967 1415 iterum
989 1356 1021 1415 in
1044 1356 1121 1417 libro
1144 1357 1210 1433 illo,

191 1465 280 1522 quem
309 1441 444 1507 Garieno
471 1445 565 1506 Basso
594 1446 692 1505 solent
718 1445 849 1505 tribuere
873 1438 939 1528 (XI,
959 1438 1004 1528 2),
1025 1444 1209 1523 inscriptum

188 1532 256 1615 περὶ
283 1533 402 1612 δάφνης
432 1533 553 1613 ἱστορία,
585 1533 694 1594 omisso
723 1534 855 1594 auctoris
882 1532 1001 1594 nomine
1029 1537 1060 1594 et
1086 1537 1209 1595 mutate

190 1624 408 1684 sententiarum
436 1622 514 1682 sede.
567 1641 643 1700 quee
672 1641 719 1683 res
753 1623 879 1683 fortasse
909 1621 1036 1682 alicuius
1062 1623 1210 1684 momenti

189 1715 235 1772 est
264 1712 303 1770 ed
332 1710 531 1771 definiendum
556 1715 689 1788 tempus,
719 1731 777 1788 quo
805 1712 940 1772 collectio
969 1709 1208 1788 Geoponicorum

189 1801 271 1860 fecte
286 1793 358 1875 sit3¹
377 1819 448 1860 nem
465 1800 491 1859 si
506 1820 522 1859 e
536 1799 614 1877 Lydi
628 1820 716 1877 opero
734 1802 791 1861 hoc
804 1803 895 1877 ceput
909 1800 1064 1877 exscripsit
1074 1833 1117 1842 -
1130 1820 1207 1878 quoe

189 1889 325 1966 proxime
353 1892 398 1948 est
421 1889 648 1966 coniectore-
670 1892 739 1966 post
760 1889 892 1948 medium
915 1891 1030 1949 sextum
1053 1891 1208 1950 saeculum

188 1978 297 2038 vixisse
320 1998 388 2038 eum
411 1982 547 2055 apparet,
570 1977 624 2055 qui
647 1978 851 2039 collectionem
867 1977 953 2038 illem
971 1978 1030 2038 sibi
1048 1979 1207 2057 congessit.
1253 2003 1254 2010 ¹

255 2067 441 2127 Praecedunt
478 2069 579 2127 autem
610 2067 642 2126 in
674 2067 774 2127 codice
806 2067 830 2126 P
862 2067 1020 2144 nonnulle,
1059 2086 1137 2144 queo
1171 2068 1207 2126 de

187 2160 303 2232 septem
327 2156 452 2216 collibus
475 2156 556 2216 urbis
573 2155 692 2228 ¹Romae
716 2175 876 2233 eorumque
903 2156 1072 2216 nominibus
1095 2159 1207 2235 agunt:
1252 2183 1253 2200 .

190 2244 328 2321 Lydinne
349 2244 405 2304 ille.
427 2263 490 2305 esse
513 2245 734 2305 demonstretur
757 2264 804 2322 eo,
828 2245 907 2321 quod
930 2244 1115 2305 adverbum
1138 2265 1207 2306 oon·
1252 2201 1253 2292 i

190 2333 324 2393 sentiunt
347 2352 415 2393 cum
438 2334 539 2393 codice
562 2333 718 2394 (ieseolino
742 2325 802 2413 (ed.
815 2353 845 2410 p.
861 2335 962 2410 173,1
978 2365 1016 2376 -
1029 2327 1074 2416 4).
1108 2353 1207 2411 neque

190 2422 328 2481 omittere
351 2421 435 2498 licet,
464 2424 627 2482 uariatum
654 2420 721 2499 περὶ
743 2421 872 2501 Δάφνης
894 2423 1028 2499 excipere
1051 2423 1084 2481 in
1106 2424 1206 2483 codice

192 2510 216 2569 P
241 2511 371 2570 alterum
392 2508 490 2570 πόθεν
512 2510 654 2591 παρήχθη
676 2510 709 2572 τὸ
731 2510 801 2584 τοὺς
823 2511 961 2583 λιθίνους
982 2509 1131 2592 κρουνοὺς
1147 2520 1207 2572 τῶν

190 2602 291 2677 ληνῶν
304 2598 582 2678 λεοντοιιροσάιιονς
604 2605 711 2679 ποιεῖν,
735 2619 811 2677 quoe
825 2599 864 2660 ed
881 2599 1004 2660 verbum
1018 2601 1207 2661 consentiunt
1249 2671 1250 2674 Ἴ

192 2707 260 2748 cum
283 2688 383 2748 codice
405 2688 433 2747 R
455 2709 484 2765 p.
503 2691 608 2765 44,17
633 2689 724 2764 lieu,
752 2707 829 2766 quse
855 2689 981 2750 fortasse
1005 2721 1048 2731 -
1071 2689 1205 2749 sednon
1249 2682 1250 2768 1

189 2780 268 2837 certe
297 2809 339 2819 -
368 2796 383 2836 e
410 2777 572 2838 Laurentio
607 2777 782 2855 deprompta
822 2796 884 2838 esse
916 2796 1006 2855 supro
1038 2769 1082 2860 (p.
1100 2770 1204 2860 XVF)

191 2865 327 2926 diximus.
369 2865 469 2926 omnia
492 2869 594 2927 eutem
615 2867 689 2927 heco
711 2867 880 2944 fragmenta
902 2867 964 2926 inm
986 2866 1102 2944 pridem
1125 2867 1205 2944 typis
1248 2843 1249 2929 1

190 2972 298 3014 excuse
319 2955 452 3014 invenies
480 2956 561 3032 cpud
588 2946 715 3015 eundem
736 2955 965 3016 Boissonedium
987 2956 1007 3015 l.
1030 2974 1053 3016 s.
1077 2976 1107 3033 p.
1131 2958 1205 3015 424.

257 3043 405 3102 Ultimum
427 3044 508 3120 quod
538 3043 784 3106 efferemhabeo
808 3043 915 3105 codicis
938 3045 962 3104 P
985 3045 1093 3105 folium
1118 3047 1204 3120 100'‚
1247 2999 1248 3090 i

190 3131 242 3192 ubi
264 3131 428 3192 laudentur
455 3130 487 3193 ἐκ
514 3141 573 3194 τῶν
596 3133 732 3215 ἱστοριῶν
756 3126 898 3194 Ἰωάννου
920 3142 973 3194 τοῦ
998 3129 1204 3212 Φιλαδελφὲως

191 3222 386 3298 depromptae
413 3226 549 3283 veterum
572 3222 608 3281 de
633 3222 754 3290 Nemesi
781 3221 958 3299 sententiae,
989 3235 1062 3299 ques
1093 3242 1149 3302 ego
1171 3225 1205 3280 ut

189 3309 267 3370 libro
291 3311 327 3369 de
341 3310 500 3371 'mensibus
524 3312 601 3373 falso
625 3311 775 3388 quondum
801 3310 929 3372 tributas
953 3310 1081 3372 edendas
1105 3310 1204 3372 curavi

190 3418 218 3474 p.
240 3400 477 3473 184,10—16:
515 3401 640 3477 quade
669 3421 701 3460 re
730 3400 810 3460 imino
838 3401 926 3478 pluro
955 3403 1043 3459 erunt
1072 3401 1203 3462 dicenda.

228 3619 230 3625 ·
264 3585 482 3644 ¹Krumbenhor
500 3586 598 3644 Gesch.
618 3587 645 3642 d.
663 3588 725 3658 byn.
744 3587 826 3644 uite*
842 3607 870 3659 p.
890 3593 949 3642 262.
