2530 3988
149 196 211 260 118
415 195 523 250 ιιοειι
543 194 719 260 QUARTUS.
748 196 889 251 Αεεαιιε

105 369 131 424 X
146 359 182 425 ἐκ
206 369 262 443 τῆς
280 361 462 443 θαλάσσης,
485 358 635 426 τουτέστι
653 369 711 444 τῆς
729 358 869 445 ἀπείρου
887 359 977 444 ὕλης.
1023 363 1172 443 Κίγκιος
1243 385 1244 422 ι

147 462 183 530 δὲ
208 464 395 551 ὁῬωμαλος
419 467 579 549 σοφιστῆς
602 482 684 550 φησι
702 466 764 551 την
777 465 979 552 Ἀφροδίτην
998 465 1030 544 ἐξ
1051 466 1170 552 ἀφροῦ

146 580 316 657 τεχθῆναι,
336 571 439 639 οίονεὶ
460 572 494 637 ἐκ
508 581 569 638 τοῦ
583 574 767 658 χιονώδους
782 572 879 655 ἀέρος
892 571 946 638 καὶ
961 583 1019 658 τῆς
1033 582 1169 658 ψυχρᾶς

147 680 262 757 οὐσίας
285 681 322 745 τὸ
346 683 405 767 ἔαρ
428 678 663 762 ἀποτεχθῆναι.
700 689 844 745 τοσαῦτα
864 679 940 766 περί
954 678 1167 766 Ἀφροδίτης.
1244 697 1245 718 ³

80 796 130 850 Hs
146 787 196 852 ὅτι
221 788 282 852 τὸν
304 785 476 873 Ἀπρίλιον
503 783 579 871 παρ’
608 788 747 852 Αἰνείου
775 787 858 872 πρὸς
889 787 989 872 τιμὴν
1018 797 1078 872 τῆς
1106 812 1168 872 μη-

119 895 224 978 ετρὸς
247 892 350 959 αὐτοῦ
375 891 479 958 οἱονεὶ
503 891 714 977 ἀφροδίσιον,
737 888 826 969 τινὲς
849 889 886 958 δὲ
904 895 995 978 ιιαρά
1013 903 1075 958 τοῦ
1090 893 1166 958 Ῥω·

145 1001 254 1085 μύλου
276 1000 382 1077 οὕτως
400 999 630 1082 ὀνομασθῆναι
649 999 842 1082 βούλονται·
866 1008 926 1065 τοῦ
944 1001 1080 1085 πρώτου
1100 1001 1163 1084 γὰρ
1245 1009 1246 1048 ῑ

146 1107 250 1191 μηνὸς
273 1108 380 1190 δῆθεν
403 1103 624 1181 ἀνατεθέντος
637 1103 728 1190 ’Ἁρει
752 1107 839 1182 εἰκὸς
861 1101 904 1190 ῆν
926 1107 986 1172 τὸν
1005 1107 1164 1191 δεύτερον

53 1210 325 1300 ΧΗῦἈφροδίτη
345 1212 556 1304 ἀνατεθῆναι.
603 1211 708 1288 οὕτως
726 1208 787 1296 μὲν
807 1208 869 1278 οὖν
883 1211 1052 1297 Ἕλληνες,
1076 1216 1108 1279 οἱ
1128 1210 1164 1278 δὲ
1246 1254 1247 1330 η

108 1347 133 1384 10
143 1319 294 1405 Ῥωμαῖοι
309 1318 481 1406 Ἀκρίλιου
499 1317 621 1384 ὡσανεί
635 1317 824 1405 Ἀπερίλιον
847 1305 925 1384 ἀντί
940 1329 1001 1385 τοῦ
1020 1320 1163 1386 ἀυοικτι-
1246 1337 1247 1390 ἒ

81 1436 131 1490 Hs
146 1428 207 1492 κὸν
229 1437 290 1492 τοῦ
313 1435 432 1512 καιροῦ
456 1441 573 1509 φασιν·
603 1423 871 1510 ἐχαεκλεισμένης
896 1429 960 1511 χάρ
984 1428 1094 1513 ὥσπερ
1118 1435 1162 1514 τῷ
1228 1485 1230 1492 .

146 1537 275 1618 χείματι
304 1542 362 1617 τῆς
389 1533 520 1616 φύσεως
549 1533 587 1597 τὸ
619 1534 679 1617 ἔαρ
711 1529 894 1615 ἐξανοίχειυ
921 1535 961 1598 τά
988 1535 1161 1620 πράχματα

41 1689 45 1694 ·
113 1638 302 1724 ὃπέφυκεν.
340 1639 428 1716 εἰκὸς
451 1635 487 1703 δὲ
510 1633 553 1722 ῆν
571 1646 617 1725 τῷ
635 1647 696 1703 τοῦ
706 1637 824 1725 ’Ἀρεος
842 1637 922 1723 μηνί
940 1644 1160 1725 συζευχθῆναι

147 1747 207 1811 τὸν
216 1744 478 1830 τῆςἈφροδίτης
488 1746 532 1822 ὡς
541 1750 681 1829 είρηται·
696 1746 795 1828 διότι,
810 1747 854 1822 ὥς
864 1746 1160 1830 φασινΑίγύττιοι,
1247 1729 1248 1758 ¹

109 1878 133 1918 ιε
148 1853 204 1916 διὰ
218 1860 276 1934 τῆς
289 1853 474 1936 πραότητος
487 1859 545 1934 τῆς
554 1849 753 1937 Ἀφροδίτης
766 1850 948 1937 πραύνεται
958 1852 976 1918 ὁ
986 1851 1160 1938 τοῦ’Ἁρεος

108 1957 260 2044 Χάστῆρ.
307 1956 344 2022 ἐν
367 1953 404 2022 δὲ
426 1967 496 2034 τοῖς
520 1956 638 2043 ὕμνοις
662 1957 761 2041 ίχχῦς
781 1962 983 2042 τριακοσίοις
1002 1959 1160 2045 ὀνόμασιν

76 2077 132 2130 XY
148 2065 344 2150 εὑρίσκομεν
357 2063 566 2148 καλουμένην
580 2064 642 2148 τὴν
655 2062 865 2150 Ἀφροδίτην.
903 2067 936 2130 οἱ
951 2062 988 2131 δὲ
999 2071 1079 2132 Φοί·
1093 2075 1199 2130 Rrffl35
1248 2121 1249 2147 χ

147 2195 237 2247 νικες
260 2169 458 2256 Ἀστάρτηυ,
485 2172 546 2254 τῆν
575 2182 671 2255 σφῶν
697 2176 880 2256 πολιοῦχον
904 2211 945 2220 -
970 2172 1075 2239 οίουεὶ
1102 2175 1157 2256 τὴν

147 2277 303 2364 ἀστερίαυ
326 2278 345 2361 ῆ
368 2278 429 2360 τὴν
447 2286 507 2342 τοῦ
526 2279 640 2355 ἀστεος
660 2277 781 2364 ἀρετήν
799 2317 842 2324 -—
862 2274 948 2344 εἶναι
967 2281 1029 2363 τὴν
1043 2278 1156 2365 Ἀφρο-

220 2453 244 2488 v.
261 2442 273 2488 1
295 2433 406 2489 Cincius
421 2434 501 2488 FHG
517 2435 556 2488 ΠΙ
574 2441 649 2508 p.¹97

220 2595 244 2630 v.
263 2583 280 2628 4
303 2579 368 2644 περὶ
391 2575 546 2646 ἀφροδίτης
569 2574 719 2646 (ἀφροδίτη
738 2576 776 2646 A)
802 2574 979 2647 ἀνατεθῆναι
1005 2576 1092 2641 οὕτως
1114 2577 1157 2647 μὲν

148 2651 183 2716 (v.
199 2649 226 2714 9)
245 2648 275 2700 Χ
347 2648 431 2703 ῦτδν
449 2646 594 2716 ἀπρίλλιον
617 2645 757 2716 ἀφροδίτη
780 2645 947 2702 ἀνετίθουν·
972 2650 1043 2718 φασί
1066 2648 1097 2703 δὲ
1115 2649 1157 2703 τὸν

148 2717 294 2786 ἀτρίλλιου
312 2718 390 2787 καρά
408 2728 457 2774 τοῦ
477 2717 585 2775 αἰνείου
606 2718 676 2786 πρὸς
698 2717 780 2788 τιμὴν
802 2726 852 2788 τῆς
875 2720 977 2789 μητρὸς
995 2721 1082 2775 αὐτοῦ
1101 2721 1157 2775 ὀνο-

148 2795 294 2860 μασθῆναι
318 2789 404 2844 οἱονεί
429 2794 481 2845 etc.
500 2791 536 2843 H
550 2789 569 2846 f.
586 2795 661 2857 1652
686 2787 728 2843 ὅτι
751 2789 800 2844 τὸν
820 2788 966 2859 ἀτρίλλιον
981 2823 1015 2832 -
1030 2810 1056 2861 p.
1074 2796 1157 2858 119‚9

148 2861 292 2931 θαλάσσης
310 2861 332 2917 S
346 2864 349 2932 Ι
365 2861 437 2929 πρὸς
453 2861 537 2931 τιμὴν
551 2893 586 2901 -
601 2867 617 2914 6
637 2858 806 2929 ἀφροδίσιον
826 2860 905 2922 omia.
921 2863 943 2918 S
1015 2869 1029 2916 7
1049 2863 1158 2935 βούλον-

147 2954 194 2988 ται
214 2933 300 2988 οἱονεί
319 2930 525 3002 ἀφροδίσιονδ
590 2937 606 2987 8
625 2934 716 3002 δῆθεν
735 2931 814 2986 omia.
829 2933 864 2986 Η
925 2939 941 2986 9
960 2929 1012 2988 οὖν
1031 2934 1108 2988 omis.
1122 2933 1142 2989 S
1152 2933 1155 3004 λ

148 3002 291 3072 ἀπρίλλιος
309 3003 340 3059 δὲ
359 3003 447 3059 οίονελ
465 3001 617 3073 ἀπερίλιος·
639 3000 753 3072 ἀπερίρε
789 3001 824 3072 ἀρ
843 3003 874 3058 τδ
894 3002 1018 3070 ἀνοῖξαι·
1039 3004 1157 3060 δάνοιι-

147 3076 224 3137 τικὸς
237 3085 286 3130 τοῦ
301 3075 389 3145 ἔαρος,
418 3074 565 3130 ἀνάκειται
580 3073 611 3129 δὲ
625 3083 658 3144 τῆ
673 3025 812 3144 ἀφροδίτη
828 3075 873 3145 Y!
890 3075 938 3130 καί
948 3073 1020 3130 οῦτοι
1030 3075 1081 3144 μὲν
1090 3074 1157 3145 ἔλλη-

149 3165 194 3210 υες
213 3147 369 3216 ἱστοροῦσιν
383 3147 419 3199 Η
489 3152 522 3200 10
541 3143 672 3214 ἀτιρίλιον
691 3145 777 3201 αὐτὸν
797 3147 898 3201 ὡσανεί
912 3148 962 3217 X!
979 3148 1081 3202 ὡσανεί
1092 3145 1157 3202 'siut-

148 3215 238 3286 ρίλιον
253 3218 330 3274 omis,
344 3219 378 3272 Η
392 3221 396 3289 Ι
413 3217 476 3272 ἀντὶ
495 3226 544 3272 τοῦ
561 3217 626 3286 HS,
646 3217 733 3272 οίονελ
747 3218 779 3270 Χ
793 3218 797 3285 Ι
813 3217 976 3272 ἀνοικτικοῦ
991 3219 1014 3272 S
1074 3225 1106 3272 11
1120 3217 1159 3288 λη-

149 3288 341 3358 κεκλεισμένον
355 3287 407 3380 χάρ
422 3288 513 3357 ὥσπερ
527 3287 635 3357 ἡδονὴν
650 3287 681 3342 ἐν
696 3286 727 3341 δὲ
741 3296 799 3349 τοῖς
813 3290 847 3358 (v.
860 3292 904 3359 16)
919 3289 950 3342 X
1005 3294 1038 3342 12
1053 3299 1158 3360 χειμῶνι

148 3360 183 3413 Η
245 3367 278 3415 13
297 3362 422 3430 ἀνοίγειν
441 3359 530 3428 αὐτὴν
548 3357 682 3428 πέφυκεν.
706 3361 759 3414 cet.
779 3359 836 3414 des,
851 3360 886 3413 Η
956 3366 989 3413 16
1009 3359 1040 3414 ἐν
1059 3359 1091 3416 δὲ
1107 3369 1159 3422 τοῖς

150 3464 183 3470 -
198 3450 225 3500 p.
243 3439 301 3500 119,
318 3438 332 3483 1
352 3430 500 3503 βούλονται
520 3429 599 3484 omis.
619 3431 641 3485 S
718 3435 750 3484 18
769 3433 919 3500 πολιτῆχον
938 3432 965 3484 Α
982 3433 986 3501 Ι
1003 3428 1046 3494 ὅτι
1065 3430 1158 3500 ἀστάρ-

149 3521 201 3570 την
219 3501 270 3571 τὴν
289 3499 389 3571 σνρίαν
407 3502 479 3556 θεὸν
496 3501 548 3570 τὴν
562 3499 721 3571 ἀφροδίτην
736 3502 805 3570 φασί
819 3504 871 3555 cet.
887 3502 945 3558 des.
961 3503 1006 3571 Y!
1022 3503 1075 3572 τὴν
1088 3504 1159 3557 ἀστε-

149 3570 227 3644 ρίαυ]
246 3572 297 3641 την
316 3572 395 3628 omis,
414 3573 441 3626 B
