<?xml version="1.0" encoding="UTF-8"?>
<!DOCTYPE html PUBLIC "-//W3C//DTD XHTML 1.0 Transitional//EN"
    "http://www.w3.org/TR/xhtml1/DTD/xhtml1-transitional.dtd">
<html xmlns="http://www.w3.org/1999/xhtml" xml:lang="en" lang="en">
 <head>
  <title>
</title>
<meta http-equiv="Content-Type" content="text/html;charset=utf-8" />
  <meta name='ocr-system' content='tesseract 3.04.00' />
  <meta name='ocr-capabilities' content='ocr_page ocr_carea ocr_par ocr_line ocrx_word'/>
</head>
<body>
  <div class='ocr_page' id='page_1' title='image "./ioannislaurenti01wuengoog_0172.png"; bbox 0 0 2556 3996; ppageno 0'>
   <div class='ocr_carea' id='block_1_1' title="bbox 329 202 1104 268">
    <p class='ocr_par' dir='ltr' id='par_1_1' title="bbox 329 202 1104 268">
     <span class='ocr_line' id='line_1_1' title="bbox 329 202 1104 268; baseline 0.012 -11"><span class='ocrx_word' id='word_1_1' title='bbox 329 203 438 259; x_wconf 84' lang='lat' dir='ltr'><strong>LIBER</strong></span> <span class='ocrx_word' id='word_1_2' title='bbox 457 202 634 268; x_wconf 82' lang='lat' dir='ltr'><strong>QUARTUS.</strong></span> <span class='ocrx_word' id='word_1_3' title='bbox 661 202 862 258; x_wconf 76' lang='lat' dir='ltr'><strong><em>IANUARJUS</em></strong></span> <span class='ocrx_word' id='word_1_4' title='bbox 1063 203 1104 266; x_wconf 80' lang='grc'><em>67</em></span> 
     </span>
    </p>
   </div>
   <div class='ocr_carea' id='block_1_2' title="bbox 40 366 1165 3444">
    <p class='ocr_par' dir='ltr' id='par_1_2' title="bbox 87 366 1165 1629">
     <span class='ocr_line' id='line_1_2' title="bbox 96 366 1145 458; baseline 0 -28"><span class='ocrx_word' id='word_1_5' title='bbox 96 369 215 451; x_wconf 79' lang='grc' dir='ltr'><strong><em>τρόπον</em></strong></span> <span class='ocrx_word' id='word_1_6' title='bbox 236 377 295 451; x_wconf 92' lang='grc' dir='ltr'><em>τῆς</em></span> <span class='ocrx_word' id='word_1_7' title='bbox 316 375 448 451; x_wconf 89' lang='grc' dir='ltr'><em>πομπῆς</em></span> <span class='ocrx_word' id='word_1_8' title='bbox 470 369 616 453; x_wconf 77' lang='grc' dir='ltr'><em>πατρίως</em></span> <span class='ocrx_word' id='word_1_9' title='bbox 639 366 806 451; x_wconf 82' lang='grc' dir='ltr'><em>ὀβατίωνα</em></span> <span class='ocrx_word' id='word_1_10' title='bbox 828 366 971 458; x_wconf 85' lang='grc' dir='ltr'><em>ἐκάλουν</em></span> <span class='ocrx_word' id='word_1_11' title='bbox 995 366 1030 432; x_wconf 93' lang='grc' dir='ltr'><em>ἐκ</em></span> <span class='ocrx_word' id='word_1_12' title='bbox 1048 375 1145 449; x_wconf 84' lang='grc' dir='ltr'><em>τῆςΧ</em></span> 
     </span>
     <span class='ocr_line' id='line_1_3' title="bbox 94 469 1106 560; baseline 0.003 -24"><span class='ocrx_word' id='word_1_13' title='bbox 94 484 160 537; x_wconf 83' lang='grc' dir='ltr'><em>τῶν</em></span> <span class='ocrx_word' id='word_1_14' title='bbox 175 474 351 558; x_wconf 79' lang='grc' dir='ltr'><em>προβάτων</em></span> <span class='ocrx_word' id='word_1_15' title='bbox 373 477 504 550; x_wconf 77' lang='grc' dir='ltr'><em>θυσίας.</em></span> <span class='ocrx_word' id='word_1_16' title='bbox 541 471 596 538; x_wconf 82' lang='grc' dir='ltr'><em>καλ</em></span> <span class='ocrx_word' id='word_1_17' title='bbox 619 474 680 538; x_wconf 91' lang='grc' dir='ltr'><em>τὸν</em></span> <span class='ocrx_word' id='word_1_18' title='bbox 697 469 759 557; x_wconf 68' lang='grc' dir='ltr'><em>μὲν</em></span> <span class='ocrx_word' id='word_1_19' title='bbox 777 473 881 538; x_wconf 77' lang='grc' dir='ltr'><em>ἵππον</em></span> <span class='ocrx_word' id='word_1_20' title='bbox 897 471 1106 560; x_wconf 80' lang='grc' dir='ltr'><em>προσέφερεν</em></span> 
     </span>
     <span class='ocr_line' id='line_1_4' title="bbox 94 578 1106 668; baseline 0.004 -26"><span class='ocrx_word' id='word_1_21' title='bbox 94 578 113 642; x_wconf 85' lang='grc' dir='ltr'><strong>ὁ</strong></span> <span class='ocrx_word' id='word_1_22' title='bbox 139 579 258 656; x_wconf 72' lang='grc' dir='ltr'><em>ὕπατος</em></span> <span class='ocrx_word' id='word_1_23' title='bbox 285 588 332 668; x_wconf 79' lang='grc' dir='ltr'><em>τῷ</em></span> <span class='ocrx_word' id='word_1_24' title='bbox 354 583 481 645; x_wconf 86' lang='grc' dir='ltr'><em>Διί-</em></span> <span class='ocrx_word' id='word_1_25' title='bbox 504 579 560 646; x_wconf 83' lang='grc' dir='ltr'><em>καὶ</em></span> <span class='ocrx_word' id='word_1_26' title='bbox 587 581 651 666; x_wconf 83' lang='grc' dir='ltr'><em>γάρ</em></span> <span class='ocrx_word' id='word_1_27' title='bbox 666 579 785 657; x_wconf 87' lang='grc' dir='ltr'><em>Ἥλιος</em></span> <span class='ocrx_word' id='word_1_28' title='bbox 813 580 913 657; x_wconf 86' lang='grc' dir='ltr'><em>αὐτὸς</em></span> <span class='ocrx_word' id='word_1_29' title='bbox 934 582 1018 645; x_wconf 79' lang='grc' dir='ltr'><em>κατὰ</em></span> <span class='ocrx_word' id='word_1_30' title='bbox 1042 585 1106 646; x_wconf 87' lang='grc' dir='ltr'><em>Φε-</em></span> 
     </span>
     <span class='ocr_line' id='line_1_5' title="bbox 93 682 1106 774; baseline 0.001 -23"><span class='ocrx_word' id='word_1_31' title='bbox 93 688 233 772; x_wconf 84' lang='grc' dir='ltr'><em>ρεκύδην</em></span> <span class='ocrx_word' id='word_1_32' title='bbox 254 725 296 734; x_wconf 94' lang='lat'>-</span> <span class='ocrx_word' id='word_1_33' title='bbox 318 682 374 753; x_wconf 83' lang='grc' dir='ltr'><em>εἶτ’</em></span> <span class='ocrx_word' id='word_1_34' title='bbox 399 686 530 754; x_wconf 74' lang='grc' dir='ltr'><em>ἐκεῖθεν</em></span> <span class='ocrx_word' id='word_1_35' title='bbox 554 689 616 774; x_wconf 83' lang='grc' dir='ltr'><em>τῆν</em></span> <span class='ocrx_word' id='word_1_36' title='bbox 635 687 764 752; x_wconf 79' lang='grc' dir='ltr'><em>ὕπατον</em></span> <span class='ocrx_word' id='word_1_37' title='bbox 785 686 962 771; x_wconf 78' lang='grc' dir='ltr'><em>ἀναλαβὼν</em></span> <span class='ocrx_word' id='word_1_38' title='bbox 983 689 1106 771; x_wconf 89' lang='grc' dir='ltr'><em>στολὴν</em></span> 
     </span>
     <span class='ocr_line' id='line_1_6' title="bbox 89 790 1144 879; baseline 0.003 -22"><span class='ocrx_word' id='word_1_39' title='bbox 89 796 279 879; x_wconf 80' lang='grc' dir='ltr'><em>προήρχετο.</em></span> <span class='ocrx_word' id='word_1_40' title='bbox 326 803 426 860; x_wconf 84' lang='grc' dir='ltr'><em>τοῦτο</em></span> <span class='ocrx_word' id='word_1_41' title='bbox 454 790 491 859; x_wconf 75' lang='grc' dir='ltr'><em>δὲ</em></span> <span class='ocrx_word' id='word_1_42' title='bbox 519 796 567 871; x_wconf 88' lang='grc' dir='ltr'><em>είς</em></span> <span class='ocrx_word' id='word_1_43' title='bbox 594 795 694 879; x_wconf 88' lang='grc' dir='ltr'><em>τιμὴν</em></span> <span class='ocrx_word' id='word_1_44' title='bbox 716 803 776 859; x_wconf 84' lang='grc' dir='ltr'><em>τοῦ</em></span> <span class='ocrx_word' id='word_1_45' title='bbox 799 795 884 871; x_wconf 86' lang='grc' dir='ltr'><em>Διὸς</em></span> <span class='ocrx_word' id='word_1_46' title='bbox 907 793 984 860; x_wconf 80' lang='grc' dir='ltr'><em>ὡσεὶ</em></span> <span class='ocrx_word' id='word_1_47' title='bbox 1007 818 1105 860; x_wconf 86' lang='grc' dir='ltr'><em>κατα-</em></span> <span class='ocrx_word' id='word_1_48' title='bbox 1132 820 1144 860; x_wconf 85' lang='lat'>⁵</span> 
     </span>
     <span class='ocr_line' id='line_1_7' title="bbox 90 899 1105 989; baseline 0.002 -25"><span class='ocrx_word' id='word_1_49' title='bbox 90 900 325 982; x_wconf 78' lang='grc' dir='ltr'><em>γωνισθέντων</em></span> <span class='ocrx_word' id='word_1_50' title='bbox 349 901 463 989; x_wconf 79' lang='grc' dir='ltr'><em>ἐκείνῳ</em></span> <span class='ocrx_word' id='word_1_51' title='bbox 481 913 549 967; x_wconf 81' lang='grc' dir='ltr'><em>τῶν</em></span> <span class='ocrx_word' id='word_1_52' title='bbox 568 903 753 984; x_wconf 80' lang='grc' dir='ltr'><em>Γιγάντων,</em></span> <span class='ocrx_word' id='word_1_53' title='bbox 776 899 852 967; x_wconf 82' lang='grc' dir='ltr'><em>ἀντὶ</em></span> <span class='ocrx_word' id='word_1_54' title='bbox 869 911 930 968; x_wconf 84' lang='grc' dir='ltr'><em>τοῦ</em></span> <span class='ocrx_word' id='word_1_55' title='bbox 948 901 1105 985; x_wconf 77' lang='grc' dir='ltr'><em>νικηθέν-</em></span> 
     </span>
     <span class='ocr_line' id='line_1_8' title="bbox 90 1004 1165 1093; baseline 0.004 -23"><span class='ocrx_word' id='word_1_56' title='bbox 90 1029 148 1083; x_wconf 89' lang='grc' dir='ltr'><em>τος</em></span> <span class='ocrx_word' id='word_1_57' title='bbox 180 1017 239 1073; x_wconf 86' lang='grc' dir='ltr'><em>τοῦ</em></span> <span class='ocrx_word' id='word_1_58' title='bbox 278 1012 431 1093; x_wconf 82' lang='grc' dir='ltr'><em>χείματος</em></span> <span class='ocrx_word' id='word_1_59' title='bbox 466 1009 532 1074; x_wconf 83' lang='grc' dir='ltr'><em>ὑπὸ</em></span> <span class='ocrx_word' id='word_1_60' title='bbox 567 1017 627 1073; x_wconf 85' lang='grc' dir='ltr'><em>τοῦ</em></span> <span class='ocrx_word' id='word_1_61' title='bbox 663 1007 771 1091; x_wconf 89' lang='grc' dir='ltr'><em>ἡλίου.</em></span> <span class='ocrx_word' id='word_1_62' title='bbox 826 1009 859 1074; x_wconf 84' lang='grc' dir='ltr'><em>οἱ</em></span> <span class='ocrx_word' id='word_1_63' title='bbox 895 1004 933 1073; x_wconf 78' lang='grc' dir='ltr'><em>δέ</em></span> <span class='ocrx_word' id='word_1_64' title='bbox 961 1007 1165 1093; x_wconf 71' lang='grc' dir='ltr'><em>μυδικολΧὸ</em></span> 
     </span>
     <span class='ocr_line' id='line_1_9' title="bbox 89 1115 1104 1201; baseline 0.004 -24"><span class='ocrx_word' id='word_1_65' title='bbox 89 1115 237 1199; x_wconf 77' lang='grc' dir='ltr'><em>Βριάρεω</em></span> <span class='ocrx_word' id='word_1_66' title='bbox 261 1117 322 1180; x_wconf 90' lang='grc' dir='ltr'><em>τὸν</em></span> <span class='ocrx_word' id='word_1_67' title='bbox 344 1127 490 1200; x_wconf 83' lang='grc' dir='ltr'><em>χειμῶνα</em></span> <span class='ocrx_word' id='word_1_68' title='bbox 512 1120 653 1180; x_wconf 86' lang='grc' dir='ltr'><em>καλοῦσι</em></span> <span class='ocrx_word' id='word_1_69' title='bbox 676 1115 859 1201; x_wconf 83' lang='grc' dir='ltr'><em>πολύχειρά</em></span> <span class='ocrx_word' id='word_1_70' title='bbox 882 1139 968 1199; x_wconf 87' lang='grc' dir='ltr'><em>τινα,</em></span> <span class='ocrx_word' id='word_1_71' title='bbox 992 1116 1104 1182; x_wconf 78' lang='grc' dir='ltr'><em>διὰτὸ</em></span> 
     </span>
     <span class='ocr_line' id='line_1_10' title="bbox 87 1220 1105 1308; baseline 0.004 -24"><span class='ocrx_word' id='word_1_72' title='bbox 87 1223 295 1306; x_wconf 88' lang='grc' dir='ltr'><em>πολυσχιδῶς</em></span> <span class='ocrx_word' id='word_1_73' title='bbox 320 1223 357 1287; x_wconf 87' lang='grc' dir='ltr'><em>τὸ</em></span> <span class='ocrx_word' id='word_1_74' title='bbox 380 1223 488 1308; x_wconf 83' lang='grc' dir='ltr'><em>ὑγρὸν</em></span> <span class='ocrx_word' id='word_1_75' title='bbox 511 1221 681 1306; x_wconf 81' lang='grc' dir='ltr'><em>ἐκχείσθαι</em></span> <span class='ocrx_word' id='word_1_76' title='bbox 703 1220 775 1287; x_wconf 87' lang='grc' dir='ltr'><em>κατ’</em></span> <span class='ocrx_word' id='word_1_77' title='bbox 803 1222 915 1287; x_wconf 86' lang='grc' dir='ltr'><em>αὐτόν.</em></span> <span class='ocrx_word' id='word_1_78' title='bbox 960 1220 1015 1287; x_wconf 86' lang='grc' dir='ltr'><em>καὶ</em></span> <span class='ocrx_word' id='word_1_79' title='bbox 1039 1232 1105 1288; x_wconf 87' lang='grc' dir='ltr'><em>νῦν</em></span> 
     </span>
     <span class='ocr_line' id='line_1_11' title="bbox 88 1323 1144 1416; baseline 0.006 -24"><span class='ocrx_word' id='word_1_80' title='bbox 88 1323 149 1411; x_wconf 84' lang='grc' dir='ltr'><em>μέν</em></span> <span class='ocrx_word' id='word_1_81' title='bbox 174 1331 309 1414; x_wconf 91' lang='grc' dir='ltr'><em>μάχεται</em></span> <span class='ocrx_word' id='word_1_82' title='bbox 338 1329 356 1396; x_wconf 89' lang='grc' dir='ltr'><strong>ὁ</strong></span> <span class='ocrx_word' id='word_1_83' title='bbox 380 1331 550 1416; x_wconf 87' lang='grc' dir='ltr'><em>Βριάρεως</em></span> <span class='ocrx_word' id='word_1_84' title='bbox 577 1337 624 1416; x_wconf 78' lang='grc' dir='ltr'><em>τῷ</em></span> <span class='ocrx_word' id='word_1_85' title='bbox 645 1327 707 1394; x_wconf 82' lang='grc' dir='ltr'><em>Διὶ</em></span> <span class='ocrx_word' id='word_1_86' title='bbox 736 1327 840 1394; x_wconf 80' lang='grc' dir='ltr'><em>οἱονεὶ</em></span> <span class='ocrx_word' id='word_1_87' title='bbox 862 1337 909 1416; x_wconf 78' lang='grc' dir='ltr'><em>τῷ</em></span> <span class='ocrx_word' id='word_1_88' title='bbox 931 1327 1025 1416; x_wconf 80' lang='grc' dir='ltr'><em>ἡλίῳ,</em></span> <span class='ocrx_word' id='word_1_89' title='bbox 1048 1327 1103 1394; x_wconf 83' lang='grc' dir='ltr'><em>καὶ</em></span> <span class='ocrx_word' id='word_1_90' title='bbox 1118 1359 1144 1398; x_wconf 86' lang='lat'><em>10</em></span> 
     </span>
     <span class='ocr_line' id='line_1_12' title="bbox 88 1431 1104 1524; baseline 0.003 -26"><span class='ocrx_word' id='word_1_91' title='bbox 88 1435 255 1521; x_wconf 86' lang='grc' dir='ltr'><em>σύμμαχος</em></span> <span class='ocrx_word' id='word_1_92' title='bbox 272 1431 375 1512; x_wconf 79' lang='grc' dir='ltr'><em>αὖθις</em></span> <span class='ocrx_word' id='word_1_93' title='bbox 393 1435 483 1524; x_wconf 76' lang='grc' dir='ltr'><em>αὐτῷ</em></span> <span class='ocrx_word' id='word_1_94' title='bbox 501 1439 629 1519; x_wconf 91' lang='grc' dir='ltr'><em>γίνεται</em></span> <span class='ocrx_word' id='word_1_95' title='bbox 647 1437 704 1501; x_wconf 86' lang='grc' dir='ltr'><em>διά</em></span> <span class='ocrx_word' id='word_1_96' title='bbox 722 1437 759 1500; x_wconf 87' lang='grc' dir='ltr'><em>τὸ</em></span> <span class='ocrx_word' id='word_1_97' title='bbox 778 1437 839 1519; x_wconf 91' lang='grc' dir='ltr'><em>τὴν</em></span> <span class='ocrx_word' id='word_1_98' title='bbox 856 1435 965 1521; x_wconf 83' lang='grc' dir='ltr'><em>ὑγράν</em></span> <span class='ocrx_word' id='word_1_99' title='bbox 984 1435 1104 1501; x_wconf 84' lang='grc' dir='ltr'><em>οὐσίαν</em></span> 
     </span>
     <span class='ocr_line' id='line_1_13' title="bbox 88 1539 572 1629; baseline 0.004 -24"><span class='ocrx_word' id='word_1_100' title='bbox 88 1542 258 1627; x_wconf 86' lang='grc' dir='ltr'><em>σύμμαχον</em></span> <span class='ocrx_word' id='word_1_101' title='bbox 281 1539 368 1608; x_wconf 83' lang='grc' dir='ltr'><em>εἶναι</em></span> <span class='ocrx_word' id='word_1_102' title='bbox 390 1553 429 1628; x_wconf 86' lang='grc' dir='ltr'><em>τῆ</em></span> <span class='ocrx_word' id='word_1_103' title='bbox 453 1550 572 1629; x_wconf 72' lang='grc' dir='ltr'><em>δερμῆ.</em></span> 
     </span>
    </p>

    <p class='ocr_par' dir='ltr' id='par_1_3' title="bbox 40 1647 1142 3017">
     <span class='ocr_line' id='line_1_14' title="bbox 40 1647 1142 1734; baseline 0.009 -29"><span class='ocrx_word' id='word_1_104' title='bbox 40 1653 139 1712; x_wconf 80' lang='lat' dir='ltr'><strong>RrIV4</strong></span> <span class='ocrx_word' id='word_1_105' title='bbox 161 1650 189 1713; x_wconf 86' lang='grc'><em>4.</em></span> <span class='ocrx_word' id='word_1_106' title='bbox 217 1649 337 1715; x_wconf 87' lang='grc' dir='ltr'><em>Ἡλίου</em></span> <span class='ocrx_word' id='word_1_107' title='bbox 363 1652 482 1714; x_wconf 87' lang='grc' dir='ltr'><em>τοίνυν</em></span> <span class='ocrx_word' id='word_1_108' title='bbox 508 1649 754 1725; x_wconf 89' lang='grc' dir='ltr'><em>ἐπεκτείνοντος</em></span> <span class='ocrx_word' id='word_1_109' title='bbox 780 1649 843 1732; x_wconf 89' lang='grc' dir='ltr'><em>τὴν</em></span> <span class='ocrx_word' id='word_1_110' title='bbox 868 1647 996 1734; x_wconf 81' lang='grc' dir='ltr'><em>ἡμέραν</em></span> <span class='ocrx_word' id='word_1_111' title='bbox 1022 1651 1103 1734; x_wconf 88' lang='grc' dir='ltr'><em>πρό·</em></span> <span class='ocrx_word' id='word_1_112' title='bbox 1116 1662 1142 1715; x_wconf 90' lang='grc' dir='ltr'>Χ</span> 
     </span>
     <span class='ocr_line' id='line_1_15' title="bbox 89 1752 1102 1842; baseline 0 -23"><span class='ocrx_word' id='word_1_113' title='bbox 89 1773 173 1821; x_wconf 90' lang='grc' dir='ltr'><em>εισιν</em></span> <span class='ocrx_word' id='word_1_114' title='bbox 190 1756 208 1822; x_wconf 87' lang='grc' dir='ltr'>ὁ</span> <span class='ocrx_word' id='word_1_115' title='bbox 226 1756 362 1839; x_wconf 76' lang='grc' dir='ltr'><em>ὕπατος,</em></span> <span class='ocrx_word' id='word_1_116' title='bbox 385 1754 441 1820; x_wconf 83' lang='grc' dir='ltr'><em>καὶ</em></span> <span class='ocrx_word' id='word_1_117' title='bbox 463 1757 484 1840; x_wconf 90' lang='grc' dir='ltr'><em>ἡ</em></span> <span class='ocrx_word' id='word_1_118' title='bbox 503 1752 565 1841; x_wconf 75' lang='grc' dir='ltr'><em>μὲν</em></span> <span class='ocrx_word' id='word_1_119' title='bbox 583 1755 688 1842; x_wconf 84' lang='grc' dir='ltr'><em>ἡμέρα</em></span> <span class='ocrx_word' id='word_1_120' title='bbox 707 1754 822 1842; x_wconf 79' lang='grc' dir='ltr'><em>ἑορτῆς</em></span> <span class='ocrx_word' id='word_1_121' title='bbox 840 1753 895 1820; x_wconf 84' lang='grc' dir='ltr'><em>καὶ</em></span> <span class='ocrx_word' id='word_1_122' title='bbox 916 1754 1102 1840; x_wconf 81' lang='grc' dir='ltr'><em>ἐκεχειρίας.</em></span> 
     </span>
     <span class='ocr_line' id='line_1_16' title="bbox 89 1859 1141 1949; baseline 0.003 -22"><span class='ocrx_word' id='word_1_123' title='bbox 89 1863 209 1929; x_wconf 78' lang='grc' dir='ltr'><em>οἰωνοῦ</em></span> <span class='ocrx_word' id='word_1_124' title='bbox 237 1859 275 1928; x_wconf 82' lang='grc' dir='ltr'><em>δέ</em></span> <span class='ocrx_word' id='word_1_125' title='bbox 302 1864 401 1948; x_wconf 82' lang='grc' dir='ltr'><em>χάριν</em></span> <span class='ocrx_word' id='word_1_126' title='bbox 428 1865 462 1928; x_wconf 81' lang='grc' dir='ltr'><em>ολ</em></span> <span class='ocrx_word' id='word_1_127' title='bbox 489 1865 646 1949; x_wconf 84' lang='grc' dir='ltr'><em>άρχοντες</em></span> <span class='ocrx_word' id='word_1_128' title='bbox 675 1861 728 1928; x_wconf 82' lang='grc' dir='ltr'><em>ἐπὶ</em></span> <span class='ocrx_word' id='word_1_129' title='bbox 755 1873 824 1927; x_wconf 82' lang='grc' dir='ltr'><em>τῶν</em></span> <span class='ocrx_word' id='word_1_130' title='bbox 851 1862 1008 1946; x_wconf 80' lang='grc' dir='ltr'><em>βημάτων</em></span> <span class='ocrx_word' id='word_1_131' title='bbox 1036 1860 1102 1945; x_wconf 88' lang='grc' dir='ltr'><em>ἐγί-</em></span> <span class='ocrx_word' id='word_1_132' title='bbox 1116 1891 1141 1930; x_wconf 87' lang='lat'><em>15</em></span> 
     </span>
     <span class='ocr_line' id='line_1_17' title="bbox 88 1967 1102 2056; baseline 0.001 -23"><span class='ocrx_word' id='word_1_133' title='bbox 88 1993 184 2036; x_wconf 91' lang='grc' dir='ltr'><em>νοντο</em></span> <span class='ocrx_word' id='word_1_134' title='bbox 212 1967 268 2034; x_wconf 82' lang='grc' dir='ltr'><em>καλ</em></span> <span class='ocrx_word' id='word_1_135' title='bbox 295 1971 403 2036; x_wconf 90' lang='grc' dir='ltr'><em>πάντα</em></span> <span class='ocrx_word' id='word_1_136' title='bbox 430 1972 471 2034; x_wconf 86' lang='grc' dir='ltr'><em>τά</em></span> <span class='ocrx_word' id='word_1_137' title='bbox 499 1971 725 2056; x_wconf 84' lang='grc' dir='ltr'><em>στρατεύματα</em></span> <span class='ocrx_word' id='word_1_138' title='bbox 749 1970 814 2034; x_wconf 85' lang='grc' dir='ltr'><em>σὺν</em></span> <span class='ocrx_word' id='word_1_139' title='bbox 835 1980 906 2045; x_wconf 81' lang='grc' dir='ltr'><em>τοῖς</em></span> <span class='ocrx_word' id='word_1_140' title='bbox 929 1968 1102 2054; x_wconf 78' lang='grc' dir='ltr'><em>ἐπισήμοις</em></span> 
     </span>
     <span class='ocr_line' id='line_1_18' title="bbox 88 2072 1101 2162; baseline 0.003 -22"><span class='ocrx_word' id='word_1_141' title='bbox 88 2080 256 2161; x_wconf 82' lang='grc' dir='ltr'><em>συνήγετο.</em></span> <span class='ocrx_word' id='word_1_142' title='bbox 287 2075 343 2141; x_wconf 83' lang='grc' dir='ltr'><em>καὶ</em></span> <span class='ocrx_word' id='word_1_143' title='bbox 360 2078 462 2142; x_wconf 88' lang='grc' dir='ltr'><em>πάλαι</em></span> <span class='ocrx_word' id='word_1_144' title='bbox 481 2072 543 2162; x_wconf 73' lang='grc' dir='ltr'><em>μὲν</em></span> <span class='ocrx_word' id='word_1_145' title='bbox 563 2077 699 2161; x_wconf 90' lang='grc' dir='ltr'><em>ίσχάδας</em></span> <span class='ocrx_word' id='word_1_146' title='bbox 718 2075 874 2160; x_wconf 87' lang='grc' dir='ltr'><em>άλλῆλοις</em></span> <span class='ocrx_word' id='word_1_147' title='bbox 893 2075 1101 2160; x_wconf 75' lang='grc' dir='ltr'><em>ἐπεδίδοσαν,</em></span> 
     </span>
     <span class='ocr_line' id='line_1_19' title="bbox 87 2181 1101 2270; baseline 0.003 -24"><span class='ocrx_word' id='word_1_148' title='bbox 87 2181 147 2248; x_wconf 87' lang='grc' dir='ltr'><em>άπὸ</em></span> <span class='ocrx_word' id='word_1_149' title='bbox 174 2187 330 2267; x_wconf 76' lang='grc' dir='ltr'><em>γλυκείας</em></span> <span class='ocrx_word' id='word_1_150' title='bbox 357 2193 484 2270; x_wconf 77' lang='grc' dir='ltr'><em>τροφῆς</em></span> <span class='ocrx_word' id='word_1_151' title='bbox 511 2186 619 2267; x_wconf 71' lang='grc' dir='ltr'><em>δῆθεν</em></span> <span class='ocrx_word' id='word_1_152' title='bbox 645 2183 878 2268; x_wconf 74' lang='grc' dir='ltr'><em>ἀπαρχόμενοι.</em></span> <span class='ocrx_word' id='word_1_153' title='bbox 923 2184 1036 2268; x_wconf 76' lang='grc' dir='ltr'><em>φύλλα</em></span> <span class='ocrx_word' id='word_1_154' title='bbox 1064 2181 1101 2249; x_wconf 78' lang='grc' dir='ltr'><em>δέ</em></span> 
     </span>
     <span class='ocr_line' id='line_1_20' title="bbox 88 2289 1101 2376; baseline 0.002 -23"><span class='ocrx_word' id='word_1_155' title='bbox 88 2290 214 2374; x_wconf 90' lang='grc' dir='ltr'><em>δάφνης</em></span> <span class='ocrx_word' id='word_1_156' title='bbox 236 2289 393 2355; x_wconf 88' lang='grc' dir='ltr'><em>ἐδίδοσαν</em></span> <span class='ocrx_word' id='word_1_157' title='bbox 416 2291 498 2372; x_wconf 86' lang='grc' dir='ltr'><em>άπερ</em></span> <span class='ocrx_word' id='word_1_158' title='bbox 524 2290 666 2356; x_wconf 80' lang='grc' dir='ltr'><em>ἐκάλουν</em></span> <span class='ocrx_word' id='word_1_159' title='bbox 689 2300 814 2376; x_wconf 89' lang='grc' dir='ltr'><em>στρῆνα</em></span> <span class='ocrx_word' id='word_1_160' title='bbox 837 2292 884 2366; x_wconf 88' lang='grc' dir='ltr'><em>είς</em></span> <span class='ocrx_word' id='word_1_161' title='bbox 907 2291 1006 2374; x_wconf 92' lang='grc' dir='ltr'><em>τιμὴν</em></span> <span class='ocrx_word' id='word_1_162' title='bbox 1028 2291 1101 2355; x_wconf 90' lang='grc' dir='ltr'><em>δαί-</em></span> 
     </span>
     <span class='ocr_line' id='line_1_21' title="bbox 87 2396 1141 2484; baseline 0.003 -23"><span class='ocrx_word' id='word_1_163' title='bbox 87 2400 185 2480; x_wconf 86' lang='grc' dir='ltr'><em>μονός</em></span> <span class='ocrx_word' id='word_1_164' title='bbox 206 2421 298 2474; x_wconf 92' lang='grc' dir='ltr'><em>τινος</em></span> <span class='ocrx_word' id='word_1_165' title='bbox 322 2397 408 2466; x_wconf 81' lang='grc' dir='ltr'><em>οὕτω</em></span> <span class='ocrx_word' id='word_1_166' title='bbox 431 2396 773 2482; x_wconf 81' lang='grc' dir='ltr'><em>προσαγορευομένης,</em></span> <span class='ocrx_word' id='word_1_167' title='bbox 795 2398 867 2480; x_wconf 85' lang='grc' dir='ltr'><em>ῆτις</em></span> <span class='ocrx_word' id='word_1_168' title='bbox 890 2399 1013 2484; x_wconf 77' lang='grc' dir='ltr'><em>ἔφορος</em></span> <span class='ocrx_word' id='word_1_169' title='bbox 1031 2397 1100 2463; x_wconf 88' lang='grc' dir='ltr'><em>ἐστι</em></span> <span class='ocrx_word' id='word_1_170' title='bbox 1114 2426 1141 2464; x_wconf 81' lang='grc' dir='ltr'><em>νο</em></span> 
     </span>
     <span class='ocr_line' id='line_1_22' title="bbox 88 2501 1100 2590; baseline 0.002 -23"><span class='ocrx_word' id='word_1_171' title='bbox 88 2513 150 2568; x_wconf 84' lang='grc' dir='ltr'><em>τῶν</em></span> <span class='ocrx_word' id='word_1_172' title='bbox 167 2516 280 2569; x_wconf 81' lang='grc' dir='ltr'><em>νικῶν.</em></span> <span class='ocrx_word' id='word_1_173' title='bbox 316 2505 354 2570; x_wconf 88' lang='grc' dir='ltr'><em>τὸ</em></span> <span class='ocrx_word' id='word_1_174' title='bbox 370 2501 407 2569; x_wconf 76' lang='grc' dir='ltr'><em>δὲ</em></span> <span class='ocrx_word' id='word_1_175' title='bbox 421 2515 546 2590; x_wconf 89' lang='grc' dir='ltr'><em>στρῆνα</em></span> <span class='ocrx_word' id='word_1_176' title='bbox 559 2503 635 2570; x_wconf 78' lang='grc' dir='ltr'><em>καθ’</em></span> <span class='ocrx_word' id='word_1_177' title='bbox 646 2503 810 2588; x_wconf 88' lang='grc' dir='ltr'><em>Ἕλληνας</em></span> <span class='ocrx_word' id='word_1_178' title='bbox 823 2505 884 2569; x_wconf 93' lang='grc' dir='ltr'><em>τὸν</em></span> <span class='ocrx_word' id='word_1_179' title='bbox 898 2504 1100 2590; x_wconf 83' lang='grc' dir='ltr'><em>εὐαρχισμὸν</em></span> 
     </span>
     <span class='ocr_line' id='line_1_23' title="bbox 87 2609 1099 2698; baseline 0.003 -25"><span class='ocrx_word' id='word_1_180' title='bbox 87 2610 141 2674; x_wconf 89' lang='grc' dir='ltr'><em>τὸν</em></span> <span class='ocrx_word' id='word_1_181' title='bbox 151 2609 204 2675; x_wconf 85' lang='grc' dir='ltr'><em>ἐπὶ</em></span> <span class='ocrx_word' id='word_1_182' title='bbox 214 2610 399 2696; x_wconf 88' lang='grc' dir='ltr'><em>ἐντρεχείας</em></span> <span class='ocrx_word' id='word_1_183' title='bbox 409 2620 644 2698; x_wconf 90' lang='grc' dir='ltr'><em>στρατιωτικῆς</em></span> <span class='ocrx_word' id='word_1_184' title='bbox 654 2611 869 2696; x_wconf 83' lang='grc' dir='ltr'><em>σημαίνει.οὐ</em></span> <span class='ocrx_word' id='word_1_185' title='bbox 880 2612 1053 2697; x_wconf 81' lang='grc' dir='ltr'><em>γάρ-ὡς</em></span> <span class='ocrx_word' id='word_1_186' title='bbox 1061 2613 1099 2676; x_wconf 87' lang='grc' dir='ltr'><em>τὸ</em></span> 
     </span>
     <span class='ocr_line' id='line_1_24' title="bbox 87 2716 1133 2804; baseline 0.002 -24"><span class='ocrx_word' id='word_1_187' title='bbox 87 2722 264 2801; x_wconf 72' lang='grc' dir='ltr'><em>πλῆθος-</em></span> <span class='ocrx_word' id='word_1_188' title='bbox 274 2717 434 2801; x_wconf 80' lang='grc' dir='ltr'><em>ἀπάγεται</em></span> <span class='ocrx_word' id='word_1_189' title='bbox 447 2722 606 2801; x_wconf 91' lang='grc' dir='ltr'><em>παιγνίου</em></span> <span class='ocrx_word' id='word_1_190' title='bbox 619 2716 675 2782; x_wconf 83' lang='grc' dir='ltr'><em>καὶ</em></span> <span class='ocrx_word' id='word_1_191' title='bbox 690 2717 862 2804; x_wconf 79' lang='grc' dir='ltr'><em>ῥᾳστώνης</em></span> <span class='ocrx_word' id='word_1_192' title='bbox 877 2718 985 2804; x_wconf 89' lang='grc' dir='ltr'><em>χάριν.</em></span> <span class='ocrx_word' id='word_1_193' title='bbox 1015 2716 1097 2802; x_wconf 87' lang='grc' dir='ltr'><em>φασὶ</em></span> <span class='ocrx_word' id='word_1_194' title='bbox 1111 2729 1133 2782; x_wconf 90' lang='grc' dir='ltr'><strong><em>Ρ</em></strong></span> 
     </span>
     <span class='ocr_line' id='line_1_25' title="bbox 88 2819 1099 2909; baseline 0.001 -22"><span class='ocrx_word' id='word_1_195' title='bbox 88 2819 162 2909; x_wconf 76' lang='grc' dir='ltr'><em>&lt;δέ&gt;</em></span> <span class='ocrx_word' id='word_1_196' title='bbox 175 2827 323 2890; x_wconf 80' lang='grc' dir='ltr'><em>Λατῖνον</em></span> <span class='ocrx_word' id='word_1_197' title='bbox 342 2823 470 2891; x_wconf 83' lang='grc' dir='ltr'><em>ἐκεῖνον</em></span> <span class='ocrx_word' id='word_1_198' title='bbox 484 2835 544 2891; x_wconf 87' lang='grc' dir='ltr'><em>τοῦ</em></span> <span class='ocrx_word' id='word_1_199' title='bbox 559 2827 749 2909; x_wconf 88' lang='grc' dir='ltr'><em>Τηλεγόνου</em></span> <span class='ocrx_word' id='word_1_200' title='bbox 763 2820 824 2909; x_wconf 76' lang='grc' dir='ltr'><em>μὲν</em></span> <span class='ocrx_word' id='word_1_201' title='bbox 839 2824 998 2909; x_wconf 81' lang='grc' dir='ltr'><em>ἀδελφόν,</em></span> <span class='ocrx_word' id='word_1_202' title='bbox 1016 2828 1099 2909; x_wconf 88' lang='grc' dir='ltr'><em>Κίρ-</em></span> 
     </span>
     <span class='ocr_line' id='line_1_26' title="bbox 88 2926 1138 3017; baseline 0.004 -25"><span class='ocrx_word' id='word_1_203' title='bbox 88 2951 140 3013; x_wconf 90' lang='grc' dir='ltr'><em>κης</em></span> <span class='ocrx_word' id='word_1_204' title='bbox 164 2926 202 2995; x_wconf 79' lang='grc' dir='ltr'><em>δέ</em></span> <span class='ocrx_word' id='word_1_205' title='bbox 223 2933 337 3016; x_wconf 84' lang='grc' dir='ltr'><em>παῖδα,</em></span> <span class='ocrx_word' id='word_1_206' title='bbox 359 2932 529 3017; x_wconf 78' lang='grc' dir='ltr'><em>πενθερὸν</em></span> <span class='ocrx_word' id='word_1_207' title='bbox 551 2928 589 2997; x_wconf 77' lang='grc' dir='ltr'><em>δὲ</em></span> <span class='ocrx_word' id='word_1_208' title='bbox 608 2933 759 3015; x_wconf 77' lang='grc' dir='ltr'><em>Αἰνείου,</em></span> <span class='ocrx_word' id='word_1_209' title='bbox 782 2934 933 3009; x_wconf 84' lang='grc' dir='ltr'><em>κτίζοντα</em></span> <span class='ocrx_word' id='word_1_210' title='bbox 955 2932 1018 3014; x_wconf 91' lang='grc' dir='ltr'><em>τὴν</em></span> <span class='ocrx_word' id='word_1_211' title='bbox 1040 2939 1098 3014; x_wconf 88' lang='grc' dir='ltr'><em>τῆς</em></span> <span class='ocrx_word' id='word_1_212' title='bbox 1112 2955 1138 2996; x_wconf 82' lang='lat'><em>25</em></span> 
     </span>
    </p>

    <p class='ocr_par' dir='ltr' id='par_1_4' title="bbox 88 3084 1099 3444">
     <span class='ocr_line' id='line_1_27' title="bbox 150 3084 1098 3160; baseline 0.001 -20"><span class='ocrx_word' id='word_1_213' title='bbox 150 3094 206 3142; x_wconf 90' lang='lat' dir='ltr'><em>v.1</em></span> <span class='ocrx_word' id='word_1_214' title='bbox 227 3086 363 3160; x_wconf 78' lang='grc' dir='ltr'><em>ὀβατίονα</em></span> <span class='ocrx_word' id='word_1_215' title='bbox 376 3088 404 3141; x_wconf 97' lang='lat' dir='ltr'><strong><em>A</em></strong></span> <span class='ocrx_word' id='word_1_216' title='bbox 476 3086 620 3158; x_wconf 75' lang='grc' dir='ltr'><em>δὸἤλιος</em></span> <span class='ocrx_word' id='word_1_217' title='bbox 633 3089 661 3141; x_wconf 91' lang='grc' dir='ltr'><strong><em>Β</em></strong></span> <span class='ocrx_word' id='word_1_218' title='bbox 733 3086 909 3159; x_wconf 79' lang='grc' dir='ltr'><em>4άνοιλοιβέν</em></span> <span class='ocrx_word' id='word_1_219' title='bbox 923 3088 951 3141; x_wconf 94' lang='lat' dir='ltr'><strong><em>A</em></strong></span> <span class='ocrx_word' id='word_1_220' title='bbox 1023 3084 1098 3141; x_wconf 77' lang='grc' dir='ltr'><em>’λδτι</em></span> 
     </span>
     <span class='ocr_line' id='line_1_28' title="bbox 89 3155 1098 3229; baseline 0.003 -20"><span class='ocrx_word' id='word_1_221' title='bbox 89 3156 112 3210; x_wconf 87' lang='grc' dir='ltr'><em>ολ</em></span> <span class='ocrx_word' id='word_1_222' title='bbox 128 3160 246 3226; x_wconf 74' lang='grc' dir='ltr'><em>μυθικολ</em></span> <span class='ocrx_word' id='word_1_223' title='bbox 260 3191 293 3200; x_wconf 92' lang='lat'><em>-</em></span> <span class='ocrx_word' id='word_1_224' title='bbox 310 3165 343 3212; x_wconf 79' lang='lat'><em>12</em></span> <span class='ocrx_word' id='word_1_225' title='bbox 361 3167 410 3229; x_wconf 88' lang='grc' dir='ltr'><em>τῆς</em></span> <span class='ocrx_word' id='word_1_226' title='bbox 427 3162 535 3228; x_wconf 73' lang='grc' dir='ltr'><em>θερμῆς</em></span> <span class='ocrx_word' id='word_1_227' title='bbox 549 3159 572 3214; x_wconf 80' lang='lat' dir='ltr'><strong><em>S</em></strong></span> <span class='ocrx_word' id='word_1_228' title='bbox 660 3164 692 3213; x_wconf 91' lang='grc'><em>11</em></span> <span class='ocrx_word' id='word_1_229' title='bbox 712 3155 843 3221; x_wconf 78' lang='grc' dir='ltr'><em>αὖθις-</em></span> <span class='ocrx_word' id='word_1_230' title='bbox 854 3165 887 3212; x_wconf 83' lang='lat'><em>12</em></span> <span class='ocrx_word' id='word_1_231' title='bbox 907 3159 1051 3227; x_wconf 82' lang='grc' dir='ltr'><em>σύμμαχον</em></span> <span class='ocrx_word' id='word_1_232' title='bbox 1069 3159 1098 3212; x_wconf 88' lang='lat' dir='ltr'><strong><em>A</em></strong></span> 
     </span>
     <span class='ocr_line' id='line_1_29' title="bbox 88 3225 1099 3303; baseline 0.003 -24"><span class='ocrx_word' id='word_1_233' title='bbox 88 3225 114 3281; x_wconf 87' lang='lat' dir='ltr'><em>in</em></span> <span class='ocrx_word' id='word_1_234' title='bbox 125 3245 212 3300; x_wconf 80' lang='lat' dir='ltr'>marg.</span> <span class='ocrx_word' id='word_1_235' title='bbox 286 3237 319 3284; x_wconf 83' lang='lat'><em>13</em></span> <span class='ocrx_word' id='word_1_236' title='bbox 339 3227 510 3292; x_wconf 85' lang='grc' dir='ltr'><em>ἐκτείνοντος</em></span> <span class='ocrx_word' id='word_1_237' title='bbox 528 3231 567 3303; x_wconf 85' lang='lat' dir='ltr'><em>A,</em></span> <span class='ocrx_word' id='word_1_238' title='bbox 588 3245 656 3285; x_wconf 76' lang='lat' dir='ltr'>corr.</span> <span class='ocrx_word' id='word_1_239' title='bbox 676 3246 710 3283; x_wconf 85' lang='lat' dir='ltr'><em>ex</em></span> <span class='ocrx_word' id='word_1_240' title='bbox 733 3228 953 3297; x_wconf 83' lang='grc' dir='ltr'><em>ἐκεκτείνοντος,</em></span> <span class='ocrx_word' id='word_1_241' title='bbox 976 3227 1045 3296; x_wconf 75' lang='lat' dir='ltr'>quia</span> <span class='ocrx_word' id='word_1_242' title='bbox 1063 3228 1099 3282; x_wconf 83' lang='grc' dir='ltr'><em>ἐπ</em></span> 
     </span>
     <span class='ocr_line' id='line_1_30' title="bbox 88 3299 1099 3444; baseline 0 -20"><span class='ocrx_word' id='word_1_243' title='bbox 88 3300 653 3440; x_wconf 46' lang='grc' dir='ltr'><em>λδ“ἰωλι“ἓῗιὲλῖιῗσῗλῗλιλῖλὲολ“π</em></span> <span class='ocrx_word' id='word_1_244' title='bbox 665 3300 893 3444; x_wconf 58' lang='grc' dir='ltr'><em>λῖὰέιλλέλὲλίλ</em></span> <span class='ocrx_word' id='word_1_245' title='bbox 910 3299 1099 3426; x_wconf 47' lang='grc' dir='ltr'><em>ΧΙῖἓῖῗέλλ</em></span> 
     </span>
    </p>
   </div>
   <div class='ocr_carea' id='block_1_3' title="bbox 88 3441 1097 3589">
    <p class='ocr_par' dir='ltr' id='par_1_5' title="bbox 88 3441 1097 3589">
     <span class='ocr_line' id='line_1_31' title="bbox 89 3441 1097 3515; baseline 0 -19"><span class='ocrx_word' id='word_1_246' title='bbox 89 3441 126 3496; x_wconf 80' lang='lat' dir='ltr'><em>Rr</em></span> <span class='ocrx_word' id='word_1_247' title='bbox 194 3448 229 3496; x_wconf 77' lang='lat'><em>23</em></span> <span class='ocrx_word' id='word_1_248' title='bbox 247 3443 386 3515; x_wconf 83' lang='grc' dir='ltr'><em>παιγνίου</em></span> <span class='ocrx_word' id='word_1_249' title='bbox 404 3444 432 3498; x_wconf 88' lang='lat' dir='ltr'><strong><em>A</em></strong></span> <span class='ocrx_word' id='word_1_250' title='bbox 452 3445 457 3514; x_wconf 92' lang='grc' dir='ltr'>Ι</span> <span class='ocrx_word' id='word_1_251' title='bbox 478 3444 548 3513; x_wconf 81' lang='grc' dir='ltr'><em>φασὶ</em></span> <span class='ocrx_word' id='word_1_252' title='bbox 566 3446 621 3498; x_wconf 85' lang='grc' dir='ltr'><em>κτλ.</em></span> <span class='ocrx_word' id='word_1_253' title='bbox 641 3443 708 3497; x_wconf 80' lang='lat' dir='ltr'><strong>huic</strong></span> <span class='ocrx_word' id='word_1_254' title='bbox 726 3444 787 3499; x_wconf 86' lang='lat' dir='ltr'>loco</span> <span class='ocrx_word' id='word_1_255' title='bbox 808 3442 915 3498; x_wconf 80' lang='lat' dir='ltr'>inserui</span> <span class='ocrx_word' id='word_1_256' title='bbox 934 3459 950 3496; x_wconf 86' lang='lat' dir='ltr'><strong>e</strong></span> <span class='ocrx_word' id='word_1_257' title='bbox 968 3441 1097 3497; x_wconf 74' lang='lat' dir='ltr'>Parisino</span> 
     </span>
     <span class='ocr_line' id='line_1_32' title="bbox 88 3512 1097 3589; baseline 0.001 -21"><span class='ocrx_word' id='word_1_258' title='bbox 88 3530 180 3581; x_wconf 78' lang='lat' dir='ltr'><strong>graeco</strong></span> <span class='ocrx_word' id='word_1_259' title='bbox 196 3514 295 3571; x_wconf 83' lang='lat' dir='ltr'>1630f.</span> <span class='ocrx_word' id='word_1_260' title='bbox 311 3521 345 3569; x_wconf 84' lang='lat'><em>98</em></span> <span class='ocrx_word' id='word_1_261' title='bbox 355 3516 407 3586; x_wconf 80' lang='lat' dir='ltr'>(P),</span> <span class='ocrx_word' id='word_1_262' title='bbox 421 3514 595 3570; x_wconf 81' lang='lat' dir='ltr'>Boissonade</span> <span class='ocrx_word' id='word_1_263' title='bbox 608 3515 713 3571; x_wconf 80' lang='lat' dir='ltr'><strong><em>Aneod.</em></strong></span> <span class='ocrx_word' id='word_1_264' title='bbox 730 3515 777 3570; x_wconf 85' lang='lat' dir='ltr'><em>Gr.</em></span> <span class='ocrx_word' id='word_1_265' title='bbox 786 3515 807 3586; x_wconf 84' lang='grc' dir='ltr'><em>Ι,</em></span> <span class='ocrx_word' id='word_1_266' title='bbox 817 3521 870 3570; x_wconf 72' lang='grc'><em>424</em></span> <span class='ocrx_word' id='word_1_267' title='bbox 879 3532 918 3584; x_wconf 84' lang='lat' dir='ltr'><em>sq.</em></span> <span class='ocrx_word' id='word_1_268' title='bbox 975 3521 1010 3569; x_wconf 77' lang='lat'><em>24</em></span> <span class='ocrx_word' id='word_1_269' title='bbox 1023 3512 1097 3589; x_wconf 75' lang='grc' dir='ltr'><em>(δὲ)</em></span> 
     </span>
    </p>
   </div>
   <div class='ocr_carea' id='block_1_4' title="bbox 89 3583 936 3732">
    <p class='ocr_par' dir='ltr' id='par_1_6' title="bbox 89 3583 936 3732">
     <span class='ocr_line' id='line_1_33' title="bbox 89 3583 647 3658; baseline 0.011 -22"><span class='ocrx_word' id='word_1_270' title='bbox 89 3585 178 3640; x_wconf 82' lang='lat' dir='ltr'>addidi</span> <span class='ocrx_word' id='word_1_271' title='bbox 193 3590 198 3656; x_wconf 87' lang='grc' dir='ltr'>Ι</span> <span class='ocrx_word' id='word_1_272' title='bbox 214 3583 398 3658; x_wconf 81' lang='grc' dir='ltr'><em>τηλεγομένου</em></span> <span class='ocrx_word' id='word_1_273' title='bbox 416 3587 451 3657; x_wconf 87' lang='lat' dir='ltr'><em>P,</em></span> <span class='ocrx_word' id='word_1_274' title='bbox 470 3603 538 3642; x_wconf 82' lang='lat' dir='ltr'>corr.</span> <span class='ocrx_word' id='word_1_275' title='bbox 558 3585 647 3642; x_wconf 71' lang='lat' dir='ltr'>Boias,</span> 
     </span>
     <span class='ocr_line' id='line_1_34' title="bbox 897 3678 936 3732; baseline 0 -19"><span class='ocrx_word' id='word_1_276' title='bbox 897 3678 936 3732; x_wconf 74' lang='lat'><em>5*</em></span> 
     </span>
    </p>
   </div>
   <div class='ocr_carea' id='block_1_5' title="bbox 0 0 1282 3996">
    <p class='ocr_par' dir='ltr' id='par_1_7' title="bbox 0 0 1282 3996">
     <span class='ocr_line' id='line_1_35' title="bbox 0 0 1282 3996; baseline 0 0"><span class='ocrx_word' id='word_1_277' title='bbox 0 0 1282 3996; x_wconf 95' lang='lat' dir='ltr'><em> </em></span> 
     </span>
    </p>
   </div>
  </div>
 </body>
</html>
