2556 3996
354 241 463 296 LIBER
482 242 658 320 QUARTUS.
687 242 849 297 MARTIUS
1064 243 1107 307 95

91 406 110 488 ἡ
149 409 296 490 μεσιτεία
333 416 401 471 τῶν
432 403 585 490 ἀνωτέρω
617 403 921 489 μνημονευθέντων
953 406 1142 491 ἀρνθμῶνὸ

91 517 202 588 καλῶς
223 513 305 596 μετὰ
327 522 396 577 τῶν
418 512 540 596 φώτων
564 509 634 577 ἑνοῖ
655 510 711 576 καὶ
734 513 901 577 συνάπτει.
948 513 1049 588 ἀλλος
1071 509 1110 578 δὲ

92 616 208 694 οὐδεὶς
224 617 374 703 ἀριθμοῦ
393 619 577 702 σύνδεσμος
592 620 784 702 συμβιβάζει
798 620 878 703 μετὰ
892 628 961 684 τῶν
975 620 1110 703 φώτων·

90 725 220 790 οὐκοῦν
247 725 280 789 ολ
306 721 368 809 μὲν
395 734 453 809 τῆς
475 724 674 810 Ἀφροδίτης
700 723 755 789 καὶ
783 734 844 790 τοῦ
866 726 951 801 Διὸς
976 723 1110 809 ἀστέρες

90 832 151 896 διὰ
173 831 303 895 τούτων
325 842 393 897 τῶν
420 829 576 916 ἀρνθμῶν
600 828 740 918 ἑκατέρῳ
763 841 831 896 τῶν
858 832 981 914 φώτων
1009 832 1109 896 συνά-
1136 856 1149 898 τ

90 959 242 1020 πτονται,
265 935 336 1003 ἀλλ’
358 934 457 1022 ὁμὲν
474 947 535 1002 τοῦ
553 937 637 1013 Διὸς
655 945 700 1024 τςῖ
719 936 801 1026 ηλίῳ
825 938 882 1002 διὰ
901 938 1046 1020 πάντων,
1069 947 1108 1023 τῇ

90 1039 129 1108 δὲ
145 1045 266 1128 σελήνη
281 1043 337 1108 διά
350 1046 526 1128 πλειόνων,
544 1044 562 1109 ὁ
581 1039 619 1108 δὲ
633 1051 691 1126 τῆς
705 1041 905 1128 Ἀφροδίτης
923 1054 962 1130 τῇ
982 1041 1044 1128 μὲν
1058 1064 1109 1108 σε-

90 1152 177 1235 λήνη
202 1150 259 1214 διὰ
280 1150 431 1234 πάντων,
454 1157 500 1238 τῷ
521 1148 551 1214 θ’
569 1148 651 1236 ἡλίῳ
671 1149 728 1213 διά
750 1152 917 1214 πλειόνων
937 1149 1110 1235 ἁρμόζεται

91 1256 256 1342 ἀριθμῶν.
293 1255 454 1322 ἐντεῦθεν
472 1258 501 1321 εί
518 1254 573 1321 καὶ
592 1257 632 1320 τά
650 1256 791 1339 μάλιστα
810 1257 940 1348 τούτῳν
955 1255 1110 1341 ἑκάτερον

90 1361 317 1446 ἀγαθοποιόν,
346 1362 363 1428 ὁ
387 1372 447 1427 τοῦ
470 1364 554 1438 Διὸς
581 1361 670 1446 ὅμως
693 1361 795 1447 ἀστηρ
820 1364 886 1427 σὺν
910 1361 994 1448 ἡλίῳ
1017 1366 1109 1426 λυσι-
1123 1390 1150 1429 ιο

91 1467 281 1552 τελέστερός
304 1467 383 1551 ἐστι,
406 1466 461 1533 καὶ
484 1468 502 1533 ὁ
525 1477 583 1551 τῆς
601 1466 799 1553 Ἀφροδίτης
823 1470 887 1533 σὺν
910 1477 950 1553 τῇ
974 1471 1109 1580 σεληρη·

92 1576 125 1640 οἱ
145 1570 183 1639 δὲ
201 1583 261 1639 τοῦ
280 1575 417 1658 Κρόνου
435 1571 490 1637 καὶ
504 1571 621 1657 ’Ἇρεος
640 1572 773 1658 ἀστέρες
792 1573 897 1649 οὕτως
916 1572 978 1638 οὐκ
996 1576 1110 1656 έχουσι

92 1681 177 1766 πρὸς
215 1681 256 1744 τά
295 1689 389 1763 φῶτα
428 1679 608 1763 σύμβασιν,
650 1681 694 1756 ὥς
732 1702 799 1744 τινι
839 1677 953 1763 μέντοι
991 1679 1109 1765 ἐσχάτη

90 1786 250 1872 ἀριθμῶν
282 1784 421 1869 ἐμφάσει
453 1785 512 1849 τὸν
543 1781 605 1868 μὲν
636 1787 773 1867 Κρόνον
807 1786 891 1870 πρὸς
923 1786 982 1850 τὸν
1013 1786 1110 1869 ἥλιον
1208 1827 1211 1834 ·

91 1893 240 1977 ἀφορᾶν,
272 1893 332 1956 τὸν
364 1888 401 1957 δὲ
425 1890 529 1976 ’Ἁρηυ
561 1893 644 1976 πρὸς
675 1893 736 1975 την
769 1897 918 1976 σελήνην.
964 1890 1020 1956 καὶ
1053 1893 1109 1958 ὃιά
1122 1919 1149 1959 ιτ

92 2008 196 2064 ταῦτα
218 1993 320 2082 ἧττον
341 1997 502 2082 ὠφέλιμοι
524 2008 563 2084 τῇ
587 1997 786 2085 ἀνθρωπίνῃ
809 2002 948 2065 δοκοῦσι
971 2003 1049 2084 ζωῇ·
1077 2003 1113 2063 τί

93 2102 130 2170 δὲ
153 2107 276 2189 δήποτε
303 2101 358 2169 καὶ
381 2102 477 2168 αὐτοὶ
505 2102 577 2168 ἐσθ’
601 2104 655 2168 ὅτε
682 2103 738 2169 καὶ
764 2110 912 2170 πλοῦτον
939 2104 995 2170 καὶ
1017 2127 1109 2188 περι-

93 2214 237 2297 φάνειαν
258 2221 327 2287 τοῖς
355 2210 548 2296 ἀνθρώποις
574 2210 731 2296 παρέχειν
757 2211 985 2295 πιστεύονται,
1015 2210 1110 2298 ἑτέρῳ

93 2329 193 2384 τοῦτο
217 2317 359 2396 ἐξετάσει
380 2319 548 2401 προσήκει.
593 2318 611 2382 ὅ
639 2341 677 2400 γε
703 2319 769 2401 μὴν
792 2323 967 2394 Πλωτίνος
995 2317 1032 2382 ἐν
1058 2322 1109 2402 βι-

91 2429 177 2512 βλίῳ
205 2433 251 2512 τῷ
281 2422 533 2510 ἐπιγραφομένῳ
565 2423 669 2499 εὅπως
698 2434 787 2489 ποιεῖ
815 2425 856 2488 τά
883 2425 1004 2509 ἀστρα’
1032 2422 1108 2509 περὶ
1122 2452 1149 2490 ιο

93 2532 217 2597 τούτου
240 2531 508 2613 ἀποφαινόμενός
531 2547 624 2613 φησι,
649 2527 753 2614 μηδὲν
775 2530 795 2614 ἢ
820 2533 959 2615 δυνάμει
978 2530 998 2614 ἣ
1019 2530 1109 2608 ἐξου-

92 2642 150 2724 σίφ
172 2638 302 2703 τούτων
329 2646 399 2712 τοῖς
425 2635 619 2721 ἀνθρώποις
647 2640 858 2721 συμβαίνειν,
886 2635 957 2703 ἀλλ’
981 2635 1108 2721 ἀπερὴ

92 2753 151 2827 τῆς
174 2746 271 2819 θείας
293 2744 483 2826 οἰκονομίας
506 2742 632 2825 ἀνάγκη
655 2741 803 2820 ἑκάστοις
821 2743 996 2829 ἐκύρωσεν,
1020 2742 1108 2808 οὕτω

92 2852 151 2916 ἀιά
174 2859 235 2915 τοῦ
258 2860 325 2914 τῶν
353 2847 433 2914 ἕπτά
459 2850 588 2914 τούτων
614 2849 848 2933 προποὸισμοῦ
876 2849 896 2932 ἢ
925 2857 1108 2936 στηριγμοῦ

92 2956 112 3040 ἣ
145 2957 379 3038 ὑποποδισμοῦ
412 2956 624 3037 δείκνυσθαι,
657 2956 766 3039 ὥσπερ
799 2952 854 3019 καὶ
888 2953 1001 3020 οίωνοὶ
1033 2957 1106 3038 ἤτοι
1120 2981 1146 3022 ιτ
1176 3025 1181 3036 ,

92 3063 330 3150 περιπτάμενοι
348 3059 368 3144 ἣ
387 3061 606 3146 ἀτρεμοῦυτες
625 3061 665 3125 τά
683 3059 845 3144 μέλλοντα
863 3071 935 3136 ταῖς
952 3058 1108 3144 πτέρυξιν

56 3219 59 3228 .
93 3169 113 3253 ἢ
137 3179 210 3246 ταῖς
232 3177 361 3252 φωναῖς
380 3172 600 3251 σημαίνουσιν
618 3168 751 3242 εἰδότες.
796 3176 856 3232 τοῦ
875 3169 1053 3231 Πλωτίνου
1072 3165 1108 3230 ἐκ

164 3345 188 3380 v.
206 3331 238 3379 19
258 3325 292 3380 cf.
312 3325 551 3392 Plotin.Enn.11‚
572 3330 588 3377 3
611 3326 743 3392 περὶτοῦ
763 3325 787 3378 εί
805 3333 881 3377 ποιεῖ
897 3320 932 3376 τά
951 3321 1038 3390 ἄστρα
1057 3327 1106 3388 §3

93 3399 162 3452 extr.
236 3401 270 3449 27
289 3396 361 3451 Plot.
376 3397 447 3451 Enn.
462 3397 496 3464 Π,
512 3402 536 3464 3,
552 3401 568 3448 8

163 3557 188 3593 v.
205 3544 220 3592 9
241 3534 378 3605 ἑκατέρων
397 3537 429 3606 S,
453 3554 520 3591 corr.
541 3536 592 3592 Gu.
607 3536 686 3590 Kroll
760 3543 791 3590 13
811 3533 905 3604 μέντοι
922 3532 940 3603 ἢ
960 3533 1059 3605 ἐσχάτη
1079 3535 1107 3604 S,

91 3608 109 3679 ἢ
129 3610 183 3664 del.
204 3607 255 3664 Gn.
274 3607 354 3663 Kroll
