2556 3996
170 203 212 267 58
536 202 644 258 LIBER
662 203 818 258 TERTIUS

130 376 156 429 Y
171 365 314 452 ἀρξεται·
346 364 442 452 μέχρι
473 367 536 452 νάρ
569 378 637 432 τῶν
664 367 749 433 ὀκτὼ
778 366 1023 452 ἀνεπαίσθητός
1050 367 1144 433 ἐστιν
1172 366 1192 450 ἡ

169 482 228 557 τῆς
251 481 345 549 σκιᾶς
367 475 511 557 μείωσις.

240 579 290 644 18.
314 577 386 644 Ὅτι
409 580 466 645 (1ιά
484 581 546 664 τὴν
564 578 697 662 γένεσιν
715 581 808 664 διττὴ
827 578 967 663 γέγονεν
989 578 1009 663 ἡ
1033 591 1101 646 τῶν
1110 590 1236 657 er,13

135 686 337 772 ὃούρανίων
368 689 511 770 κίνησις·
544 688 573 752 εί
605 687 668 772 γὰρ
695 686 782 771 ἁπλῆ
810 682 853 770 ἦν
879 688 1061 772 περιφορά,
1095 686 1141 770 ἣν
1173 686 1190 752 ὁ

142 793 317 876 εάπλανης
349 793 492 878 οὐρανὸς
523 803 665 858 ποιεῖται
694 794 802 858 πάντα
835 791 985 878 συνέχων
1016 793 1053 859 ἐν
1082 791 1191 880 ἑαυτῷ

115 911 165 964 YS
180 898 234 965 καὶ
258 900 450 984 περιδινῶν,
475 895 576 964 οὐδὲν
599 897 641 964 ἀν
664 897 720 964 ἀπ’
749 899 850 982 αὐτῆς
872 903 1042 986 παρήχθη·
1068 902 1106 965 τί
1125 901 1188 984 νάρ

134 1005 232 1072 ὃάπὸ
260 1015 318 1090 τῆς
350 1005 455 1088 ἀπλης
485 1008 646 1090 κινήσεως
678 1005 721 1070 ἀν
752 1007 834 1072 ἀλλο
867 1005 1074 1094 ἀποτελεσθῇ
1107 1004 1184 1091 παρ’

169 1113 288 1196 αὐτήν;
320 1109 391 1176 ἐπεὶ
419 1108 456 1177 δὲ
485 1111 721 1199 ἀντιφέρονται
748 1111 870 1178 πολλαὶ
897 1110 952 1178 καὶ
975 1117 1125 1179 ποικίλαι
1148 1122 1185 1198 τῇ

168 1226 229 1306 μιᾷ
266 1226 448 1304 περιφορᾷ,
489 1228 578 1284 πάσα
619 1217 748 1301 γένεσις
784 1219 869 1304 ὁμοῦ
906 1221 1089 1306 παράγεται
1126 1216 1181 1284 ἀπ’

115 1337 166 1393 YS
181 1325 301 1391 αὐτῶν.
339 1325 425 1390 οὕτω
446 1325 509 1410 γάρ
528 1324 546 1390 ὁ
565 1323 795 1410 Ἀριστοτέλης
818 1324 855 1391 έν
877 1334 924 1414 τῷ
947 1326 1091 1416 δευτέρῳ
1110 1324 1185 1411 περὶ

129 1460 155 1499 11
168 1430 328 1516 γενέσεως
346 1430 401 1498 καί
421 1437 555 1518 φθορᾶς
573 1447 672 1516 φησι·
696 1432 785 1517 ’μιᾶς
803 1428 865 1516 μὲν
884 1434 985 1517 οὔσης
1003 1443 1062 1517 τῆς
1080 1443 1185 1519 φορᾶς

168 1539 230 1604 οὐκ
253 1536 420 1622 ἐνδέχεται
443 1542 598 1621 γίνεσθαι
622 1539 662 1603 τά
681 1540 791 1623 ἄμφω,
814 1537 947 1621 γένεσιν
964 1537 1020 1604 καλ
1039 1540 1183 1626 φθοράν,

168 1647 285 1713 διὰτὸ
309 1644 443 1710 ἐναντία
467 1640 565 1710 εἶναι·
593 1645 630 1710 τὸ
658 1645 722 1730 νάρ
747 1645 827 1710 αὐτὸ
851 1644 906 1710 καὶ
929 1647 1086 1724 ὡσαύτως
1109 1649 1183 1731 ἔχον

167 1752 218 1818 ἀεί
243 1754 279 1818 τὸ
303 1751 384 1817 αὐτὸ
412 1750 539 1835 πέφυκε
566 1761 690 1834 ποιεῖν,
724 1752 807 1816 ὥστε
838 1754 912 1835 ἤτοι
939 1751 1068 1835 γένεσίς
1096 1753 1182 1819 ἐστιν
1266 1817 1267 1820 ,

127 1887 153 1928 15
168 1857 219 1924 ἀεὶ
241 1858 262 1942 ἢ
286 1859 411 1944 φθορά.
456 1859 509 1922 ἀεί
535 1853 572 1922 δέ
599 1861 735 1934 πλείους
762 1853 849 1922 εἶναι
876 1859 935 1935 τάς
961 1862 1109 1943 κινήσεις
1130 1857 1180 1924 καί

167 1965 320 2043 ἐναντίας
342 1963 362 2049 ἢ
386 1973 425 2050 τῇ
450 1971 541 2050 φορᾷ
566 1962 587 2047 ἢ
611 1973 650 2050 τῇ
679 1964 863 2051 ἀνωμαλία·
899 1976 967 2030 τῶν
994 1967 1058 2052 νάρ
1091 1967 1179 2032 έναν-

126 2091 151 2143 Y
166 2076 248 2137 τίων
270 2073 310 2136 τά
334 2071 469 2137 ἐναντία
491 2077 589 2135 αίτια.
635 2071 689 2136 διὸ
717 2071 780 2155 οὐχ
802 2071 823 2154 ἡ
847 2073 959 2157 πρώτη
983 2075 1074 2158 φορά
1097 2075 1179 2138 αίτία
1265 2091 1266 2100 ’

115 2221 116 2226 1
166 2177 236 2244 ἐστὶ
269 2177 428 2261 γενέσεως
459 2175 515 2242 καί
547 2183 695 2263 φθορᾶς,
727 2175 800 2242 ἀλλ’
833 2176 853 2261 ἡ
880 2179 963 2243 κατά
995 2179 1055 2244 τὸν
1087 2177 1177 2258 λοξὸν

166 2286 303 2350 κύκλον·
331 2283 368 2348 έν
394 2283 498 2369 ταύτη
525 2284 588 2368 γάρ
616 2281 671 2348 καλ
699 2284 737 2348 τὸ
766 2279 901 2367 σννεχές
929 2286 1037 2349 ἔνεστι
1064 2284 1175 2350 καὶτὸ

126 2414 151 2453 εο
165 2396 333 2456 κινεῖσθαι
356 2391 419 2455 δύο
442 2389 608 2473 κινήσεις.’

131 2510 149 2564 S
234 2497 283 2561 19.
304 2495 376 2562 Ὅτι
393 2496 411 2562 ὁ
432 2496 580 2579 ἀπλανὴς
598 2497 741 2582 οὐρανὸς
761 2497 887 2574 ἁπλοῦς
911 2497 996 2574 ὅλως
1014 2499 1097 2584 πρὸς
1115 2507 1214 2564 deesth

165 2613 226 2669 τοῦ
249 2604 385 2668 πάντων
409 2603 559 2669 ἐπέκεινα
581 2605 664 2668 κατά
687 2605 724 2668 τὸ
748 2606 864 2687 λόγιον
886 2602 1050 2690 πραχθεὶς
1076 2607 1174 2670 πάντα

165 2709 315 2794 συνέχων
346 2707 401 2774 καὶ
432 2711 616 2796 περιδινῶν
646 2711 754 2775 πάντα
783 2721 870 2776 κινελ
899 2709 954 2776 καλ
983 2713 1172 2795 μεταδίδωσι

235 2886 259 2922 v.
281 2873 314 2920 10
332 2865 499 2921 An'stoteles
522 2868 588 2936 περὶ
609 2864 741 2938 γενέσεως
764 2868 812 2921 καί
836 2872 951 2937 φθορᾶς
968 2867 1006 2937 Π,
1023 2873 1056 2922 10
1074 2887 1099 2938 p.
1114 2873 1172 2922 336·
1262 2877 1263 2884 ’

164 2945 198 2994 26
209 2957 268 3008 sqq.
288 2938 402 2993 Bekker

235 3101 258 3136 ν.
274 3088 292 3135 4
312 3078 354 3135 ὅτι
378 3080 403 3135 εἰ
421 3078 471 3150 μία
489 3073 526 3150 ἦν
548 3081 565 3150 ἡ
589 3079 730 3149 περιφορὰ
744 3112 779 3120 -
795 3084 828 3134 11
847 3079 883 3134 τὰ
901 3079 1016 3136 έναντία
1034 3081 1110 3136 αἴτια
1126 3081 1146 3137 S
1164 3081 1166 3152 ί

162 3150 384 3223 περιφορά.-6
403 3154 555 3221 περιδινῶν
574 3151 652 3206 omis.
672 3152 701 3204 Y
806 3157 822 3204 6
841 3149 868 3206 τί
891 3151 945 3222 γὰρ
959 3183 993 3194 -
1009 3158 1042 3206 10
1061 3151 1110 3207 ἀπ’
1124 3154 1168 3206 αιἰ-

162 3234 218 3280 τῶν
237 3223 315 3279 omis.
336 3224 365 3277 Y
435 3229 468 3277 10
487 3221 558 3278 οὕτω
573 3222 626 3294 ηάρ
642 3221 669 3294 ὁ]
684 3223 721 3285 ὡς
735 3223 783 3277 καί
797 3223 827 3276 Y
894 3229 927 3277 11
948 3241 1016 3293 φησι
1030 3223 1106 3279 οιαίε.
1123 3223 1165 3296 Y}

163 3300 278 3364 φθορᾶς
291 3296 325 3364 Υ,
345 3295 473 3364 (poetas
489 3311 553 3347 cum
566 3293 718 3348 Aristotele
792 3300 824 3347 12
844 3291 976 3365 γίνεσθαι
994 3296 1027 3363 Υ,
1046 3292 1167 3386 ηενέσθαι

1260 3147 1262 3184 ί

163 3367 191 3436 S,
210 3365 359 3437 γίγνεσθαι
377 3365 463 3419 Arist.
481 3366 484 3435 λ
500 3364 535 3418 τὰ
554 3364 632 3419 omis.
648 3363 733 3419 Arist.
751 3367 755 3435 Ι
771 3361 880 3435 γένεσιν
898 3366 947 3420 καὶ
966 3370 1081 3435 φθοραν
1098 3365 1165 3421 omis.
1260 3417 1261 3426 ,

162 3437 247 3493 Arist.
310 3443 343 3491 13
364 3437 482 3508 έχων-1)
545 3443 579 3491 14
598 3436 715 3491 ἀστε-
731 3441 764 3490 15
783 3435 882 3505 φθορά
901 3436 1022 3492 omns
1083 3443 1112 3492 15
1128 3439 1165 3492 ἀεὶ

163 3508 238 3564 ἔσται
262 3509 347 3564 Arist.
439 3515 471 3562 17
496 3507 574 3563 αίτια
596 3507 631 3570 τὰ
655 3506 771 3564 ἐναντία
798 3509 836 3577 Υ,
865 3507 900 3563 τά
924 3507 1039 3565 ἐναντία
1064 3509 1167 3566 alnas

162 3580 247 3635 Arist.
265 3582 268 3651 Ι
285 3581 330 3635 διὸ
350 3581 398 3636 καί
417 3581 467 3650 οὐχ
486 3579 570 3634 Arist.
645 3587 679 3634 22
698 3581 856 3652 παραχθείς
875 3580 946 3636 coni.
966 3580 1018 3636 (λιι.
1037 3579 1118 3637 Kroll.

1255 3663 1260 3812 λ
