2556 3996
465 188 573 243 LIBER
591 189 728 244 PRIMUS
1085 190 1106 254 9

88 361 165 426 τοῖς
185 349 356 436 ἀριθμοῖς,
384 354 479 439 τρίτα
502 354 542 417 τά
571 354 761 436 συνεκτικά,
788 351 926 440 τέταρτα
954 355 993 418 τδι
1021 359 1145 420 τελε-Χ

87 459 245 543 σιουργά,
277 457 408 543 πέμπτα
437 460 478 524 τά
510 460 705 544 διαιρετικά,
738 458 815 526 ἕκτα
844 461 884 525 τδι
914 461 1106 543 ζωογονικά,

87 562 215 649 ἕβδομα
237 567 277 632 τά
301 566 534 652 δημιουργικά,
557 567 662 648 όγδοα
683 567 724 634 τὰ
747 566 1030 651 άφομοιωματικά,
1054 569 1107 631 ἔν-

86 695 173 736 νατα
200 674 240 738 τά
270 671 434 755 ἀπόλοιτο,
467 670 588 738 δέκατα
617 674 657 738 τδι
685 672 851 757 ἐγκόσμια.
903 672 1016 759 ὀρθῶς
1044 668 1106 738 οὖν

86 777 221 862 αὐτηνὸ
234 781 400 855 Φιλόλαος
414 780 537 844 δεκάδα
549 783 831 866 προσηγόρευσεν,
845 781 890 856 ὡς
904 775 1058 864 δεκτικὴν
1067 788 1212 848 XCedren.

85 895 150 952 τοῦ
172 886 325 972 ἀπείρου,
349 883 490 972 Ὀρφεὺς
513 882 550 951 δὲ
572 888 776 971 κλαδοῦχον,
805 885 837 966 ἐξ
860 882 900 971 ἧς
923 886 1001 954 ὡσεὶ
1028 889 1105 954 κλά-
1132 911 1145 950 ε

87 993 147 1057 δοι
169 989 256 1070 τινὲς
278 994 400 1069 πάντες
422 995 455 1059 οἱ
478 991 620 1080 ἀριθμοὶ
643 994 796 1077 φύονται.

34 1109 149 1178 Rr1‚16
219 1101 269 1166 16.
292 1099 470 1185 Διίμεινεν
497 1099 561 1166 άπὸ
585 1102 724 1186 Κρόνου
747 1098 808 1178 ἕως
831 1104 966 1176 κτίσεως
985 1099 1107 1185 Ῥώμης
1121 1110 1147 1164 X

84 1208 170 1274 κατά
197 1208 257 1271 τὸν
285 1205 322 1274 ἐν
345 1209 478 1292 Σελήνη
501 1208 630 1292 δρόμον
654 1205 932 1292 παραφυλαχθεὶς
955 1207 972 1273 ὁ
997 1206 1107 1273 ἐνιαυ-

85 1316 155 1398 τός,
179 1311 233 1379 ίπλ
251 1311 289 1382 δὲ
304 1313 472 1398 Ῥωμύλου
491 1313 644 1400 ὁρίζεται,
664 1315 709 1390 ὡς
728 1312 885 1398 ἐλέγομεν
903 1317 1105 1400 ἔμπροσθεν,
1121 1336 1148 1376 ιο

87 1423 334 1507 δεκαμηνιαῖος,
352 1431 420 1486 τῶν
437 1416 500 1505 μὲν
517 1417 602 1508 ὑπὲρ
622 1421 800 1507 τριακάδος
818 1419 942 1507 ἡμέρας
959 1426 1107 1504 πλείους,

88 1539 158 1594 τῶν
176 1524 214 1593 δὲ
231 1527 408 1605 ἐλάττονας
426 1531 597 1612 λαχόντων
615 1539 743 1613 μηνῶν·
767 1529 860 1593 ούπω
883 1529 947 1614 γὰρ
966 1527 1031 1593 άπὸ
1050 1537 1108 1610 τῆς

84 1634 206 1702 Ἡλίου
227 1638 388 1720 κινήσεως
412 1634 663 1720 ίφυσιολογεῑτο
691 1635 806 1711 αὐτοῖς
832 1635 870 1700 τὸ
898 1644 958 1701 τοῦ
981 1638 1106 1721 χρόνου

88 1743 263 1826 διάστημα.

52 1866 83 1913 16
156 1849 206 1912 17.
230 1847 265 1911 ‘0
289 1852 478 1932 Πομπίλιος
505 1852 656 1933 Νουμᾶς,
681 1846 731 1933 ἐφ’
756 1844 797 1914 οὗ
822 1849 1030 1933 Πυθαγόρας
1053 1843 1105 1931 ἦν,
1125 1859 1187 1918 XY

86 1956 288 2021 δυοκαίδεκα
322 1953 401 2040 μησί
438 1956 498 2019 τὸν
530 1954 686 2022 ἐνιαυτὸν
717 1955 939 2042 ἀριθμεῖσθαι
970 1955 1106 2038 διώρισε
1121 1973 1146 2014 16

84 2064 170 2128 κατά
193 2062 253 2128 τὸν
271 2061 308 2126 ἐν
327 2063 465 2150 Φαίδρφ
480 2063 676 2148 Σωκράτην,
700 2062 737 2141 ὅς
755 2078 838 2146 φησι
856 2063 915 2139 τάς
933 2071 1001 2125 τῶν
1018 2061 1106 2128 ὅλων

85 2167 196 2246 τάξεις
217 2178 256 2254 τη
286 2169 451 2236 δωδεκάδι
477 2173 729 2256 περιειληφθαι·
759 2167 813 2234 ἐπὶ
840 2168 878 2235 τὸ
905 2176 973 2232 πᾶν
1000 2167 1106 2252 γάρὸ

85 2277 170 2350 θεὸς
183 2283 229 2362 τῷ
243 2274 378 2362 ἀριθμῷ
393 2276 499 2363 τούτφ
517 2277 739 2360 κατεχρήσατο
754 2277 995 2361 διαζωγραφῶν
1013 2275 1105 2358 αύτό,

85 2384 132 2458 ὥς
157 2399 261 2465 φησιν
284 2381 302 2446 ὁ
326 2383 478 2448 Πλάτων.
521 2384 647 2448 οἰκεῖον
669 2384 732 2467 γὰρ
755 2382 793 2446 τὸ
818 2391 925 2466 σχῆμα
947 2390 1047 2448 τοῦτο
1065 2391 1105 2467 τῇ
1120 2399 1147 2438 ιο

85 2497 149 2556 τοῦ
166 2488 291 2564 παντὸς
310 2487 396 2574 ίδέηι·
418 2487 474 2553 καὶ
492 2489 556 2574 γὰρ
574 2491 744 2579 κυκλικόν,
766 2486 836 2554 ἐπεὶ
855 2487 910 2553 καὶ
929 2491 1106 2573 θαυμαστή

160 2698 185 2733 v.
200 2685 216 2734 5
229 2678 378 2752 Φιλόλαος]
394 2679 428 2735 ef.
438 2680 565 2734 Mullaeh
579 2679 679 2735 FPhG
693 2681 727 2750 Π,
740 2699 767 2751 p.
778 2686 796 2734 4
809 2680 842 2734 fr.
860 2686 892 2734 13
948 2679 1105 2752 θὈρφεύς]

84 2750 256 2894 lAbglbfssgm.
272 2751 357 2820 Orph.
373 2757 422 2805 151
497 2758 530 2805 17
546 2752 580 2805 cf.
595 2751 722 2806 Platonis
741 2752 859 2806 Phaedr.
878 2770 906 2821 p.
922 2752 1006 2807 247A
1034 2751 1104 2805 Tim.

160 3019 184 3056 v.
200 3007 215 3054 2
235 2999 408 3068 διαιρεκτικά
426 3002 454 3055 A
535 3006 551 3054 5
572 2998 614 3054 ότι
628 2999 646 3068 η
661 2999 746 3063 δεκὰς
763 3000 847 3071 δεχδις
868 2999 1105 3070 προσαγορεύεται

85 3075 124 3136 ῶς
145 3071 256 3140 δεκτικὴ
276 3080 325 3126 τοῦ
344 3069 478 3140 ἀπείρου,
500 3071 518 3141 ἡ
539 3071 609 3140 αότὴ
627 3073 677 3126 καὶ
694 3073 799 3126 κλαδοῶ
818 3092 861 3140 ος,
880 3070 953 3126 διότι
972 3070 1000 3135 ἐξ
1019 3071 1106 3140 αὐτῆς

84 3145 114 3200 ολ
133 3143 253 3212 άριῶμολ
271 3141 375 3206 πάιτες
392 3143 429 3206 ὡς
446 3141 546 3197 κλάδοι
563 3140 638 3205 τινὲς
656 3144 778 3210 φύονται
792 3093 893 3212 georg.
908 3141 1022 3198 Cedren.
1036 3139 1104 3196 hist.

85 3232 176 3284 comp.
200 3233 228 3284 p.
252 3219 331 3282 2⁹75
359 3215 447 3268 Bonn.
539 3220 555 3270 6
582 3215 746 3284 κλειδοῦχον
764 3214 792 3266 Β
883 3219 917 3268 10
943 3211 1058 3283 λέγομεν
1075 3213 1103 3266 A

86 3294 119 3343 11
141 3284 284 3355 τριετάτης
298 3287 329 3340 Χ
345 3284 498 3353 τριακάδος
512 3285 565 3340 Sela
581 3287 584 3356 λ
600 3281 712 3348 πλείους
730 3285 784 3354 Er]
802 3287 893 3340 πολλῶ
907 3285 935 3337 Α
953 3285 1062 3338 πολλῶν
1076 3284 1104 3336 Β

85 3354 219 3419 πλείονας
236 3356 366 3410 Nokkius
426 3362 459 3410 15
479 3354 676 3424 όπομιτίλινος
690 3352 857 3426 (πομπίλιος,
872 3374 898 3409 ιο
913 3354 944 3408 in
957 3371 1012 3407 ras.
1028 3355 1065 3423 G)
1079 3355 1109 3410 Y

86 3427 230 3496 πομπήϊος
261 3428 293 3482 Χ
316 3428 320 3500 Ι
345 3425 392 3496 ἐφ’
410 3420 535 3496 οὖ-ἦν
554 3425 633 3480 omis.
653 3427 684 3482 X
769 3431 801 3478 17
821 3423 1105 3495 κατὰ-Σωκράτην

86 3498 166 3554 omis.
187 3501 218 3554 X
238 3502 242 3568 Ι
262 3497 300 3561 ὥς
317 3516 385 3568 φησι
399 3500 427 3553 A
446 3497 484 3562 ὥς
502 3516 572 3568 φασι
591 3499 619 3551 Β
710 3502 794 3567 18τή
818 3495 962 3566 δωδεκάτη
982 3497 1010 3552 Β
1026 3499 1030 3568 Ι
1046 3496 1105 3568 ἐπὶ]

87 3568 149 3625 ἐπεί
171 3571 203 3625 Χ
228 3574 231 3639 Ι
256 3569 309 3640 γὰρ
330 3569 408 3624 omis.
428 3570 460 3624 X
532 3575 565 3623 19
585 3566 669 3641 αὐτό]
689 3565 775 3624 αὐτόν
794 3570 822 3622 A
841 3569 916 3622 αύτῶ
935 3569 963 3624 Β
